2023-12-25 00:13:59.434,9128283H1,98-315,1000000,2000000,BID,99-001,1000000,2000000,OFFER
2023-12-25 00:13:59.434,9128283H1,98-316,2000000,4000000,BID,99-002,2000000,4000000,OFFER
2023-12-25 00:13:59.435,9128283H1,98-317,1000000,2000000,BID,99-003,1000000,2000000,OFFER
2023-12-25 00:13:59.435,9128283H1,99-001,2000000,4000000,BID,99-003,2000000,4000000,OFFER
2023-12-25 00:13:59.436,9128283H1,99-001,1000000,2000000,BID,99-005,1000000,2000000,OFFER
2023-12-25 00:13:59.436,9128283H1,99-003,2000000,4000000,BID,99-005,2000000,4000000,OFFER
2023-12-25 00:13:59.436,9128283H1,99-003,1000000,2000000,BID,99-007,1000000,2000000,OFFER
2023-12-25 00:13:59.436,9128283H1,99-005,2000000,4000000,BID,99-007,2000000,4000000,OFFER
2023-12-25 00:13:59.436,9128283H1,99-005,1000000,2000000,BID,99-011,1000000,2000000,OFFER
2023-12-25 00:13:59.436,9128283H1,99-006,2000000,4000000,BID,99-012,2000000,4000000,OFFER
2023-12-25 00:13:59.436,9128283H1,99-007,1000000,2000000,BID,99-013,1000000,2000000,OFFER
2023-12-25 00:13:59.437,9128283H1,99-010,2000000,4000000,BID,99-01+,2000000,4000000,OFFER
2023-12-25 00:13:59.437,9128283H1,99-011,1000000,2000000,BID,99-015,1000000,2000000,OFFER
2023-12-25 00:13:59.437,9128283H1,99-013,2000000,4000000,BID,99-015,2000000,4000000,OFFER
2023-12-25 00:13:59.437,9128283H1,99-013,1000000,2000000,BID,99-017,1000000,2000000,OFFER
2023-12-25 00:13:59.437,9128283H1,99-015,2000000,4000000,BID,99-017,2000000,4000000,OFFER
2023-12-25 00:13:59.437,9128283H1,99-016,1000000,2000000,BID,99-020,1000000,2000000,OFFER
2023-12-25 00:13:59.437,9128283H1,99-017,2000000,4000000,BID,99-021,2000000,4000000,OFFER
2023-12-25 00:13:59.437,9128283H1,99-020,1000000,2000000,BID,99-022,1000000,2000000,OFFER
2023-12-25 00:13:59.438,9128283H1,99-021,2000000,4000000,BID,99-023,2000000,4000000,OFFER
2023-12-25 00:13:59.438,9128283H1,99-021,1000000,2000000,BID,99-025,1000000,2000000,OFFER
2023-12-25 00:13:59.438,9128283H1,99-022,2000000,4000000,BID,99-026,2000000,4000000,OFFER
2023-12-25 00:13:59.438,9128283H1,99-023,1000000,2000000,BID,99-027,1000000,2000000,OFFER
2023-12-25 00:13:59.438,9128283H1,99-02+,2000000,4000000,BID,99-030,2000000,4000000,OFFER
2023-12-25 00:13:59.438,9128283H1,99-026,1000000,2000000,BID,99-030,1000000,2000000,OFFER
2023-12-25 00:13:59.438,9128283H1,99-026,2000000,4000000,BID,99-032,2000000,4000000,OFFER
2023-12-25 00:13:59.438,9128283H1,99-030,1000000,2000000,BID,99-032,1000000,2000000,OFFER
2023-12-25 00:13:59.438,9128283H1,99-030,2000000,4000000,BID,99-03+,2000000,4000000,OFFER
2023-12-25 00:13:59.439,9128283H1,99-032,1000000,2000000,BID,99-03+,1000000,2000000,OFFER
2023-12-25 00:13:59.439,9128283H1,99-032,2000000,4000000,BID,99-036,2000000,4000000,OFFER
2023-12-25 00:13:59.439,9128283H1,99-033,1000000,2000000,BID,99-037,1000000,2000000,OFFER
2023-12-25 00:13:59.439,9128283H1,99-035,2000000,4000000,BID,99-037,2000000,4000000,OFFER
2023-12-25 00:13:59.439,9128283H1,99-036,1000000,2000000,BID,99-040,1000000,2000000,OFFER
2023-12-25 00:13:59.439,9128283H1,99-037,2000000,4000000,BID,99-041,2000000,4000000,OFFER
2023-12-25 00:13:59.439,9128283H1,99-040,1000000,2000000,BID,99-042,1000000,2000000,OFFER
2023-12-25 00:13:59.439,9128283H1,99-041,2000000,4000000,BID,99-043,2000000,4000000,OFFER
2023-12-25 00:13:59.439,9128283H1,99-041,1000000,2000000,BID,99-045,1000000,2000000,OFFER
2023-12-25 00:13:59.440,9128283H1,99-043,2000000,4000000,BID,99-045,2000000,4000000,OFFER
2023-12-25 00:13:59.440,9128283H1,99-04+,1000000,2000000,BID,99-046,1000000,2000000,OFFER
2023-12-25 00:13:59.440,9128283H1,99-045,2000000,4000000,BID,99-047,2000000,4000000,OFFER
2023-12-25 00:13:59.440,9128283H1,99-045,1000000,2000000,BID,99-051,1000000,2000000,OFFER
2023-12-25 00:13:59.440,9128283H1,99-046,2000000,4000000,BID,99-052,2000000,4000000,OFFER
2023-12-25 00:13:59.440,9128283H1,99-047,1000000,2000000,BID,99-053,1000000,2000000,OFFER
2023-12-25 00:13:59.440,9128283H1,99-051,2000000,4000000,BID,99-053,2000000,4000000,OFFER
2023-12-25 00:13:59.440,9128283H1,99-052,1000000,2000000,BID,99-05+,1000000,2000000,OFFER
2023-12-25 00:13:59.440,9128283H1,99-053,2000000,4000000,BID,99-055,2000000,4000000,OFFER
2023-12-25 00:13:59.440,9128283H1,99-05+,1000000,2000000,BID,99-056,1000000,2000000,OFFER
2023-12-25 00:13:59.440,9128283H1,99-055,2000000,4000000,BID,99-057,2000000,4000000,OFFER
2023-12-25 00:13:59.440,9128283H1,99-056,1000000,2000000,BID,99-060,1000000,2000000,OFFER
2023-12-25 00:13:59.440,9128283H1,99-057,2000000,4000000,BID,99-061,2000000,4000000,OFFER
2023-12-25 00:13:59.441,9128283H1,99-060,1000000,2000000,BID,99-062,1000000,2000000,OFFER
2023-12-25 00:13:59.441,9128283H1,99-061,2000000,4000000,BID,99-063,2000000,4000000,OFFER
2023-12-25 00:13:59.441,9128283H1,99-061,1000000,2000000,BID,99-065,1000000,2000000,OFFER
2023-12-25 00:13:59.441,9128283H1,99-062,2000000,4000000,BID,99-066,2000000,4000000,OFFER
2023-12-25 00:13:59.441,9128283H1,99-063,1000000,2000000,BID,99-067,1000000,2000000,OFFER
2023-12-25 00:13:59.441,9128283H1,99-065,2000000,4000000,BID,99-067,2000000,4000000,OFFER
2023-12-25 00:13:59.441,9128283H1,99-065,1000000,2000000,BID,99-071,1000000,2000000,OFFER
2023-12-25 00:13:59.441,9128283H1,99-067,2000000,4000000,BID,99-071,2000000,4000000,OFFER
2023-12-25 00:13:59.441,9128283H1,99-067,1000000,2000000,BID,99-073,1000000,2000000,OFFER
2023-12-25 00:13:59.441,9128283H1,99-071,2000000,4000000,BID,99-073,2000000,4000000,OFFER
2023-12-25 00:13:59.441,9128283H1,99-071,1000000,2000000,BID,99-075,1000000,2000000,OFFER
2023-12-25 00:13:59.441,9128283H1,99-072,2000000,4000000,BID,99-076,2000000,4000000,OFFER
2023-12-25 00:13:59.441,9128283H1,99-073,1000000,2000000,BID,99-077,1000000,2000000,OFFER
2023-12-25 00:13:59.442,9128283H1,99-07+,2000000,4000000,BID,99-080,2000000,4000000,OFFER
2023-12-25 00:13:59.442,9128283H1,99-075,1000000,2000000,BID,99-081,1000000,2000000,OFFER
2023-12-25 00:13:59.442,9128283H1,99-077,2000000,4000000,BID,99-081,2000000,4000000,OFFER
2023-12-25 00:13:59.442,9128283H1,99-077,1000000,2000000,BID,99-083,1000000,2000000,OFFER
2023-12-25 00:13:59.442,9128283H1,99-081,2000000,4000000,BID,99-083,2000000,4000000,OFFER
2023-12-25 00:13:59.442,9128283H1,99-082,1000000,2000000,BID,99-08+,1000000,2000000,OFFER
2023-12-25 00:13:59.442,9128283H1,99-083,2000000,4000000,BID,99-085,2000000,4000000,OFFER
2023-12-25 00:13:59.442,9128283H1,99-08+,1000000,2000000,BID,99-086,1000000,2000000,OFFER
2023-12-25 00:13:59.442,9128283H1,99-085,2000000,4000000,BID,99-087,2000000,4000000,OFFER
2023-12-25 00:13:59.442,9128283H1,99-085,1000000,2000000,BID,99-091,1000000,2000000,OFFER
2023-12-25 00:13:59.443,9128283H1,99-087,2000000,4000000,BID,99-091,2000000,4000000,OFFER
2023-12-25 00:13:59.443,9128283H1,99-087,1000000,2000000,BID,99-093,1000000,2000000,OFFER
2023-12-25 00:13:59.443,9128283H1,99-090,2000000,4000000,BID,99-09+,2000000,4000000,OFFER
2023-12-25 00:13:59.443,9128283H1,99-092,1000000,2000000,BID,99-09+,1000000,2000000,OFFER
2023-12-25 00:13:59.443,9128283H1,99-093,2000000,4000000,BID,99-095,2000000,4000000,OFFER
2023-12-25 00:13:59.443,9128283H1,99-09+,1000000,2000000,BID,99-096,1000000,2000000,OFFER
2023-12-25 00:13:59.443,9128283H1,99-095,2000000,4000000,BID,99-097,2000000,4000000,OFFER
2023-12-25 00:13:59.443,9128283H1,99-095,1000000,2000000,BID,99-101,1000000,2000000,OFFER
2023-12-25 00:13:59.443,9128283H1,99-097,2000000,4000000,BID,99-101,2000000,4000000,OFFER
2023-12-25 00:13:59.444,9128283H1,99-100,1000000,2000000,BID,99-102,1000000,2000000,OFFER
2023-12-25 00:13:59.444,9128283H1,99-101,2000000,4000000,BID,99-103,2000000,4000000,OFFER
2023-12-25 00:13:59.444,9128283H1,99-101,1000000,2000000,BID,99-105,1000000,2000000,OFFER
2023-12-25 00:13:59.444,9128283H1,99-102,2000000,4000000,BID,99-106,2000000,4000000,OFFER
2023-12-25 00:13:59.444,9128283H1,99-10+,1000000,2000000,BID,99-106,1000000,2000000,OFFER
2023-12-25 00:13:59.444,9128283H1,99-10+,2000000,4000000,BID,99-110,2000000,4000000,OFFER
2023-12-25 00:13:59.444,9128283H1,99-105,1000000,2000000,BID,99-111,1000000,2000000,OFFER
2023-12-25 00:13:59.444,9128283H1,99-107,2000000,4000000,BID,99-111,2000000,4000000,OFFER
2023-12-25 00:13:59.444,9128283H1,99-110,1000000,2000000,BID,99-112,1000000,2000000,OFFER
2023-12-25 00:13:59.445,9128283H1,99-111,2000000,4000000,BID,99-113,2000000,4000000,OFFER
2023-12-25 00:13:59.445,9128283H1,99-112,1000000,2000000,BID,99-11+,1000000,2000000,OFFER
2023-12-25 00:13:59.445,9128283H1,99-112,2000000,4000000,BID,99-116,2000000,4000000,OFFER
2023-12-25 00:13:59.445,9128283H1,99-113,1000000,2000000,BID,99-117,1000000,2000000,OFFER
2023-12-25 00:13:59.445,9128283H1,99-115,2000000,4000000,BID,99-117,2000000,4000000,OFFER
2023-12-25 00:13:59.445,9128283H1,99-116,1000000,2000000,BID,99-120,1000000,2000000,OFFER
2023-12-25 00:13:59.445,9128283H1,99-116,2000000,4000000,BID,99-122,2000000,4000000,OFFER
2023-12-25 00:13:59.445,9128283H1,99-120,1000000,2000000,BID,99-122,1000000,2000000,OFFER
2023-12-25 00:13:59.445,9128283H1,99-120,2000000,4000000,BID,99-12+,2000000,4000000,OFFER
2023-12-25 00:13:59.445,9128283H1,99-122,1000000,2000000,BID,99-12+,1000000,2000000,OFFER
2023-12-25 00:13:59.446,9128283H1,99-123,2000000,4000000,BID,99-125,2000000,4000000,OFFER
2023-12-25 00:13:59.446,9128283H1,99-123,1000000,2000000,BID,99-127,1000000,2000000,OFFER
2023-12-25 00:13:59.446,9128283H1,99-12+,2000000,4000000,BID,99-130,2000000,4000000,OFFER
2023-12-25 00:13:59.446,9128283H1,99-126,1000000,2000000,BID,99-130,1000000,2000000,OFFER
2023-12-25 00:13:59.446,9128283H1,99-126,2000000,4000000,BID,99-132,2000000,4000000,OFFER
2023-12-25 00:13:59.446,9128283H1,99-127,1000000,2000000,BID,99-133,1000000,2000000,OFFER
2023-12-25 00:13:59.446,9128283H1,99-130,2000000,4000000,BID,99-13+,2000000,4000000,OFFER
2023-12-25 00:13:59.446,9128283H1,99-132,1000000,2000000,BID,99-13+,1000000,2000000,OFFER
2023-12-25 00:13:59.446,9128283H1,99-133,2000000,4000000,BID,99-135,2000000,4000000,OFFER
2023-12-25 00:13:59.447,9128283H1,99-13+,1000000,2000000,BID,99-136,1000000,2000000,OFFER
2023-12-25 00:13:59.447,9128283H1,99-135,2000000,4000000,BID,99-137,2000000,4000000,OFFER
2023-12-25 00:13:59.447,9128283H1,99-135,1000000,2000000,BID,99-141,1000000,2000000,OFFER
2023-12-25 00:13:59.447,9128283H1,99-136,2000000,4000000,BID,99-142,2000000,4000000,OFFER
2023-12-25 00:13:59.447,9128283H1,99-140,1000000,2000000,BID,99-142,1000000,2000000,OFFER
2023-12-25 00:13:59.447,9128283H1,99-140,2000000,4000000,BID,99-14+,2000000,4000000,OFFER
2023-12-25 00:13:59.447,9128283H1,99-141,1000000,2000000,BID,99-145,1000000,2000000,OFFER
2023-12-25 00:13:59.447,9128283H1,99-143,2000000,4000000,BID,99-145,2000000,4000000,OFFER
2023-12-25 00:13:59.447,9128283H1,99-143,1000000,2000000,BID,99-147,1000000,2000000,OFFER
2023-12-25 00:13:59.448,9128283H1,99-145,2000000,4000000,BID,99-147,2000000,4000000,OFFER
2023-12-25 00:13:59.448,9128283H1,99-145,1000000,2000000,BID,99-151,1000000,2000000,OFFER
2023-12-25 00:13:59.448,9128283H1,99-147,2000000,4000000,BID,99-151,2000000,4000000,OFFER
2023-12-25 00:13:59.448,9128283H1,99-150,1000000,2000000,BID,99-152,1000000,2000000,OFFER
2023-12-25 00:13:59.448,9128283H1,99-150,2000000,4000000,BID,99-15+,2000000,4000000,OFFER
2023-12-25 00:13:59.448,9128283H1,99-151,1000000,2000000,BID,99-155,1000000,2000000,OFFER
2023-12-25 00:13:59.448,9128283H1,99-152,2000000,4000000,BID,99-156,2000000,4000000,OFFER
2023-12-25 00:13:59.448,9128283H1,99-15+,1000000,2000000,BID,99-156,1000000,2000000,OFFER
2023-12-25 00:13:59.449,9128283H1,99-155,2000000,4000000,BID,99-157,2000000,4000000,OFFER
2023-12-25 00:13:59.449,9128283H1,99-156,1000000,2000000,BID,99-160,1000000,2000000,OFFER
2023-12-25 00:13:59.449,9128283H1,99-156,2000000,4000000,BID,99-162,2000000,4000000,OFFER
2023-12-25 00:13:59.449,9128283H1,99-160,1000000,2000000,BID,99-162,1000000,2000000,OFFER
2023-12-25 00:13:59.449,9128283H1,99-160,2000000,4000000,BID,99-16+,2000000,4000000,OFFER
2023-12-25 00:13:59.449,9128283H1,99-161,1000000,2000000,BID,99-165,1000000,2000000,OFFER
2023-12-25 00:13:59.449,9128283H1,99-163,2000000,4000000,BID,99-165,2000000,4000000,OFFER
2023-12-25 00:13:59.449,9128283H1,99-16+,1000000,2000000,BID,99-166,1000000,2000000,OFFER
2023-12-25 00:13:59.450,9128283H1,99-165,2000000,4000000,BID,99-167,2000000,4000000,OFFER
2023-12-25 00:13:59.450,9128283H1,99-166,1000000,2000000,BID,99-170,1000000,2000000,OFFER
2023-12-25 00:13:59.450,9128283H1,99-167,2000000,4000000,BID,99-171,2000000,4000000,OFFER
2023-12-25 00:13:59.450,9128283H1,99-170,1000000,2000000,BID,99-172,1000000,2000000,OFFER
2023-12-25 00:13:59.450,9128283H1,99-170,2000000,4000000,BID,99-17+,2000000,4000000,OFFER
2023-12-25 00:13:59.450,9128283H1,99-172,1000000,2000000,BID,99-17+,1000000,2000000,OFFER
2023-12-25 00:13:59.450,9128283H1,99-173,2000000,4000000,BID,99-175,2000000,4000000,OFFER
2023-12-25 00:13:59.450,9128283H1,99-173,1000000,2000000,BID,99-177,1000000,2000000,OFFER
2023-12-25 00:13:59.450,9128283H1,99-17+,2000000,4000000,BID,99-180,2000000,4000000,OFFER
2023-12-25 00:13:59.450,9128283H1,99-176,1000000,2000000,BID,99-180,1000000,2000000,OFFER
2023-12-25 00:13:59.451,9128283H1,99-177,2000000,4000000,BID,99-181,2000000,4000000,OFFER
2023-12-25 00:13:59.451,9128283H1,99-180,1000000,2000000,BID,99-182,1000000,2000000,OFFER
2023-12-25 00:13:59.451,9128283H1,99-180,2000000,4000000,BID,99-18+,2000000,4000000,OFFER
2023-12-25 00:13:59.451,9128283H1,99-181,1000000,2000000,BID,99-185,1000000,2000000,OFFER
2023-12-25 00:13:59.451,9128283H1,99-182,2000000,4000000,BID,99-186,2000000,4000000,OFFER
2023-12-25 00:13:59.451,9128283H1,99-183,1000000,2000000,BID,99-187,1000000,2000000,OFFER
2023-12-25 00:13:59.451,9128283H1,99-18+,2000000,4000000,BID,99-190,2000000,4000000,OFFER
2023-12-25 00:13:59.451,9128283H1,99-186,1000000,2000000,BID,99-190,1000000,2000000,OFFER
2023-12-25 00:13:59.451,9128283H1,99-187,2000000,4000000,BID,99-191,2000000,4000000,OFFER
2023-12-25 00:13:59.451,9128283H1,99-187,1000000,2000000,BID,99-193,1000000,2000000,OFFER
2023-12-25 00:13:59.452,9128283H1,99-190,2000000,4000000,BID,99-19+,2000000,4000000,OFFER
2023-12-25 00:13:59.452,9128283H1,99-192,1000000,2000000,BID,99-19+,1000000,2000000,OFFER
2023-12-25 00:13:59.452,9128283H1,99-193,2000000,4000000,BID,99-195,2000000,4000000,OFFER
2023-12-25 00:13:59.452,9128283H1,99-19+,1000000,2000000,BID,99-196,1000000,2000000,OFFER
2023-12-25 00:13:59.452,9128283H1,99-195,2000000,4000000,BID,99-197,2000000,4000000,OFFER
2023-12-25 00:13:59.452,9128283H1,99-195,1000000,2000000,BID,99-201,1000000,2000000,OFFER
2023-12-25 00:13:59.452,9128283H1,99-197,2000000,4000000,BID,99-201,2000000,4000000,OFFER
2023-12-25 00:13:59.452,9128283H1,99-200,1000000,2000000,BID,99-202,1000000,2000000,OFFER
2023-12-25 00:13:59.453,9128283H1,99-200,2000000,4000000,BID,99-20+,2000000,4000000,OFFER
2023-12-25 00:13:59.453,9128283H1,99-201,1000000,2000000,BID,99-205,1000000,2000000,OFFER
2023-12-25 00:13:59.453,9128283H1,99-202,2000000,4000000,BID,99-206,2000000,4000000,OFFER
2023-12-25 00:13:59.453,9128283H1,99-203,1000000,2000000,BID,99-207,1000000,2000000,OFFER
2023-12-25 00:13:59.453,9128283H1,99-20+,2000000,4000000,BID,99-210,2000000,4000000,OFFER
2023-12-25 00:13:59.453,9128283H1,99-205,1000000,2000000,BID,99-211,1000000,2000000,OFFER
2023-12-25 00:13:59.453,9128283H1,99-207,2000000,4000000,BID,99-211,2000000,4000000,OFFER
2023-12-25 00:13:59.453,9128283H1,99-207,1000000,2000000,BID,99-213,1000000,2000000,OFFER
2023-12-25 00:13:59.453,9128283H1,99-210,2000000,4000000,BID,99-21+,2000000,4000000,OFFER
2023-12-25 00:13:59.454,9128283H1,99-212,1000000,2000000,BID,99-21+,1000000,2000000,OFFER
2023-12-25 00:13:59.454,9128283H1,99-213,2000000,4000000,BID,99-215,2000000,4000000,OFFER
2023-12-25 00:13:59.454,9128283H1,99-21+,1000000,2000000,BID,99-216,1000000,2000000,OFFER
2023-12-25 00:13:59.454,9128283H1,99-21+,2000000,4000000,BID,99-220,2000000,4000000,OFFER
2023-12-25 00:13:59.454,9128283H1,99-216,1000000,2000000,BID,99-220,1000000,2000000,OFFER
2023-12-25 00:13:59.454,9128283H1,99-217,2000000,4000000,BID,99-221,2000000,4000000,OFFER
2023-12-25 00:13:59.454,9128283H1,99-217,1000000,2000000,BID,99-223,1000000,2000000,OFFER
2023-12-25 00:13:59.454,9128283H1,99-220,2000000,4000000,BID,99-22+,2000000,4000000,OFFER
2023-12-25 00:13:59.454,9128283H1,99-221,1000000,2000000,BID,99-225,1000000,2000000,OFFER
2023-12-25 00:13:59.454,9128283H1,99-223,2000000,4000000,BID,99-225,2000000,4000000,OFFER
2023-12-25 00:13:59.454,9128283H1,99-223,1000000,2000000,BID,99-227,1000000,2000000,OFFER
2023-12-25 00:13:59.455,9128283H1,99-22+,2000000,4000000,BID,99-230,2000000,4000000,OFFER
2023-12-25 00:13:59.455,9128283H1,99-225,1000000,2000000,BID,99-231,1000000,2000000,OFFER
2023-12-25 00:13:59.455,9128283H1,99-227,2000000,4000000,BID,99-231,2000000,4000000,OFFER
2023-12-25 00:13:59.455,9128283H1,99-230,1000000,2000000,BID,99-232,1000000,2000000,OFFER
2023-12-25 00:13:59.455,9128283H1,99-230,2000000,4000000,BID,99-23+,2000000,4000000,OFFER
2023-12-25 00:13:59.455,9128283H1,99-232,1000000,2000000,BID,99-23+,1000000,2000000,OFFER
2023-12-25 00:13:59.455,9128283H1,99-232,2000000,4000000,BID,99-236,2000000,4000000,OFFER
2023-12-25 00:13:59.455,9128283H1,99-23+,1000000,2000000,BID,99-236,1000000,2000000,OFFER
2023-12-25 00:13:59.455,9128283H1,99-23+,2000000,4000000,BID,99-240,2000000,4000000,OFFER
2023-12-25 00:13:59.455,9128283H1,99-236,1000000,2000000,BID,99-240,1000000,2000000,OFFER
2023-12-25 00:13:59.456,9128283H1,99-236,2000000,4000000,BID,99-242,2000000,4000000,OFFER
2023-12-25 00:13:59.456,9128283H1,99-237,1000000,2000000,BID,99-243,1000000,2000000,OFFER
2023-12-25 00:13:59.456,9128283H1,99-241,2000000,4000000,BID,99-243,2000000,4000000,OFFER
2023-12-25 00:13:59.456,9128283H1,99-241,1000000,2000000,BID,99-245,1000000,2000000,OFFER
2023-12-25 00:13:59.456,9128283H1,99-242,2000000,4000000,BID,99-246,2000000,4000000,OFFER
2023-12-25 00:13:59.456,9128283H1,99-243,1000000,2000000,BID,99-247,1000000,2000000,OFFER
2023-12-25 00:13:59.456,9128283H1,99-245,2000000,4000000,BID,99-247,2000000,4000000,OFFER
2023-12-25 00:13:59.456,9128283H1,99-246,1000000,2000000,BID,99-250,1000000,2000000,OFFER
2023-12-25 00:13:59.456,9128283H1,99-246,2000000,4000000,BID,99-252,2000000,4000000,OFFER
2023-12-25 00:13:59.456,9128283H1,99-250,1000000,2000000,BID,99-252,1000000,2000000,OFFER
2023-12-25 00:13:59.456,9128283H1,99-250,2000000,4000000,BID,99-25+,2000000,4000000,OFFER
2023-12-25 00:13:59.457,9128283H1,99-251,1000000,2000000,BID,99-255,1000000,2000000,OFFER
2023-12-25 00:13:59.457,9128283H1,99-252,2000000,4000000,BID,99-256,2000000,4000000,OFFER
2023-12-25 00:13:59.457,9128283H1,99-25+,1000000,2000000,BID,99-256,1000000,2000000,OFFER
2023-12-25 00:13:59.457,9128283H1,99-25+,2000000,4000000,BID,99-260,2000000,4000000,OFFER
2023-12-25 00:13:59.457,9128283H1,99-256,1000000,2000000,BID,99-260,1000000,2000000,OFFER
2023-12-25 00:13:59.457,9128283H1,99-257,2000000,4000000,BID,99-261,2000000,4000000,OFFER
2023-12-25 00:13:59.457,9128283H1,99-257,1000000,2000000,BID,99-263,1000000,2000000,OFFER
2023-12-25 00:13:59.457,9128283H1,99-261,2000000,4000000,BID,99-263,2000000,4000000,OFFER
2023-12-25 00:13:59.457,9128283H1,99-262,1000000,2000000,BID,99-26+,1000000,2000000,OFFER
2023-12-25 00:13:59.457,9128283H1,99-263,2000000,4000000,BID,99-265,2000000,4000000,OFFER
2023-12-25 00:13:59.458,9128283H1,99-26+,1000000,2000000,BID,99-266,1000000,2000000,OFFER
2023-12-25 00:13:59.458,9128283H1,99-265,2000000,4000000,BID,99-267,2000000,4000000,OFFER
2023-12-25 00:13:59.458,9128283H1,99-266,1000000,2000000,BID,99-270,1000000,2000000,OFFER
2023-12-25 00:13:59.458,9128283H1,99-266,2000000,4000000,BID,99-272,2000000,4000000,OFFER
2023-12-25 00:13:59.458,9128283H1,99-270,1000000,2000000,BID,99-272,1000000,2000000,OFFER
2023-12-25 00:13:59.458,9128283H1,99-270,2000000,4000000,BID,99-27+,2000000,4000000,OFFER
2023-12-25 00:13:59.458,9128283H1,99-271,1000000,2000000,BID,99-275,1000000,2000000,OFFER
2023-12-25 00:13:59.458,9128283H1,99-273,2000000,4000000,BID,99-275,2000000,4000000,OFFER
2023-12-25 00:13:59.458,9128283H1,99-27+,1000000,2000000,BID,99-276,1000000,2000000,OFFER
2023-12-25 00:13:59.459,9128283H1,99-27+,2000000,4000000,BID,99-280,2000000,4000000,OFFER
2023-12-25 00:13:59.459,9128283H1,99-276,1000000,2000000,BID,99-280,1000000,2000000,OFFER
2023-12-25 00:13:59.459,9128283H1,99-276,2000000,4000000,BID,99-282,2000000,4000000,OFFER
2023-12-25 00:13:59.459,9128283H1,99-280,1000000,2000000,BID,99-282,1000000,2000000,OFFER
2023-12-25 00:13:59.459,9128283H1,99-280,2000000,4000000,BID,99-28+,2000000,4000000,OFFER
2023-12-25 00:13:59.459,9128283H1,99-281,1000000,2000000,BID,99-285,1000000,2000000,OFFER
2023-12-25 00:13:59.459,9128283H1,99-283,2000000,4000000,BID,99-285,2000000,4000000,OFFER
2023-12-25 00:13:59.459,9128283H1,99-28+,1000000,2000000,BID,99-286,1000000,2000000,OFFER
2023-12-25 00:13:59.459,9128283H1,99-28+,2000000,4000000,BID,99-290,2000000,4000000,OFFER
2023-12-25 00:13:59.459,9128283H1,99-286,1000000,2000000,BID,99-290,1000000,2000000,OFFER
2023-12-25 00:13:59.459,9128283H1,99-286,2000000,4000000,BID,99-292,2000000,4000000,OFFER
2023-12-25 00:13:59.460,9128283H1,99-287,1000000,2000000,BID,99-293,1000000,2000000,OFFER
2023-12-25 00:13:59.460,9128283H1,99-291,2000000,4000000,BID,99-293,2000000,4000000,OFFER
2023-12-25 00:13:59.460,9128283H1,99-291,1000000,2000000,BID,99-295,1000000,2000000,OFFER
2023-12-25 00:13:59.460,9128283H1,99-293,2000000,4000000,BID,99-295,2000000,4000000,OFFER
2023-12-25 00:13:59.460,9128283H1,99-29+,1000000,2000000,BID,99-296,1000000,2000000,OFFER
2023-12-25 00:13:59.460,9128283H1,99-29+,2000000,4000000,BID,99-300,2000000,4000000,OFFER
2023-12-25 00:13:59.460,9128283H1,99-296,1000000,2000000,BID,99-300,1000000,2000000,OFFER
2023-12-25 00:13:59.460,9128283H1,99-296,2000000,4000000,BID,99-302,2000000,4000000,OFFER
2023-12-25 00:13:59.460,9128283H1,99-297,1000000,2000000,BID,99-303,1000000,2000000,OFFER
2023-12-25 00:13:59.460,9128283H1,99-301,2000000,4000000,BID,99-303,2000000,4000000,OFFER
2023-12-25 00:13:59.461,9128283H1,99-301,1000000,2000000,BID,99-305,1000000,2000000,OFFER
2023-12-25 00:13:59.461,9128283H1,99-303,2000000,4000000,BID,99-305,2000000,4000000,OFFER
2023-12-25 00:13:59.461,9128283H1,99-303,1000000,2000000,BID,99-307,1000000,2000000,OFFER
2023-12-25 00:13:59.461,9128283H1,99-30+,2000000,4000000,BID,99-310,2000000,4000000,OFFER
2023-12-25 00:13:59.461,9128283H1,99-306,1000000,2000000,BID,99-310,1000000,2000000,OFFER
2023-12-25 00:13:59.461,9128283H1,99-307,2000000,4000000,BID,99-311,2000000,4000000,OFFER
2023-12-25 00:13:59.461,9128283H1,99-307,1000000,2000000,BID,99-313,1000000,2000000,OFFER
2023-12-25 00:13:59.461,9128283H1,99-311,2000000,4000000,BID,99-313,2000000,4000000,OFFER
2023-12-25 00:13:59.462,9128283H1,99-311,1000000,2000000,BID,99-315,1000000,2000000,OFFER
2023-12-25 00:13:59.462,9128283H1,99-313,2000000,4000000,BID,99-315,2000000,4000000,OFFER
2023-12-25 00:13:59.462,9128283H1,99-313,1000000,2000000,BID,99-317,1000000,2000000,OFFER
2023-12-25 00:13:59.462,9128283H1,99-315,2000000,4000000,BID,99-317,2000000,4000000,OFFER
2023-12-25 00:13:59.462,9128283H1,99-315,1000000,2000000,BID,100-001,1000000,2000000,OFFER
2023-12-25 00:13:59.462,9128283H1,99-317,2000000,4000000,BID,100-001,2000000,4000000,OFFER
2023-12-25 00:13:59.462,9128283H1,99-317,1000000,2000000,BID,100-003,1000000,2000000,OFFER
2023-12-25 00:13:59.463,9128283H1,100-000,2000000,4000000,BID,100-00+,2000000,4000000,OFFER
2023-12-25 00:13:59.463,9128283H1,100-001,1000000,2000000,BID,100-005,1000000,2000000,OFFER
2023-12-25 00:13:59.463,9128283H1,100-003,2000000,4000000,BID,100-005,2000000,4000000,OFFER
2023-12-25 00:13:59.463,9128283H1,100-00+,1000000,2000000,BID,100-006,1000000,2000000,OFFER
2023-12-25 00:13:59.463,9128283H1,100-005,2000000,4000000,BID,100-007,2000000,4000000,OFFER
2023-12-25 00:13:59.463,9128283H1,100-006,1000000,2000000,BID,100-010,1000000,2000000,OFFER
2023-12-25 00:13:59.463,9128283H1,100-006,2000000,4000000,BID,100-012,2000000,4000000,OFFER
2023-12-25 00:13:59.464,9128283H1,100-010,1000000,2000000,BID,100-012,1000000,2000000,OFFER
2023-12-25 00:13:59.464,9128283H1,100-010,2000000,4000000,BID,100-01+,2000000,4000000,OFFER
2023-12-25 00:13:59.464,9128283H1,100-012,1000000,2000000,BID,100-01+,1000000,2000000,OFFER
2023-12-25 00:13:59.464,9128283H1,100-012,2000000,4000000,BID,100-016,2000000,4000000,OFFER
2023-12-25 00:13:59.464,9128283H1,100-013,1000000,2000000,BID,100-017,1000000,2000000,OFFER
2023-12-25 00:13:59.464,9128283H1,100-01+,2000000,4000000,BID,100-020,2000000,4000000,OFFER
2023-12-25 00:13:59.464,9128283H1,100-016,1000000,2000000,BID,100-020,1000000,2000000,OFFER
2023-12-25 00:13:59.465,9128283H1,100-016,2000000,4000000,BID,100-022,2000000,4000000,OFFER
2023-12-25 00:13:59.465,9128283H1,100-020,1000000,2000000,BID,100-022,1000000,2000000,OFFER
2023-12-25 00:13:59.465,9128283H1,100-021,2000000,4000000,BID,100-023,2000000,4000000,OFFER
2023-12-25 00:13:59.465,9128283H1,100-021,1000000,2000000,BID,100-025,1000000,2000000,OFFER
2023-12-25 00:13:59.465,9128283H1,100-022,2000000,4000000,BID,100-026,2000000,4000000,OFFER
2023-12-25 00:13:59.465,9128283H1,100-02+,1000000,2000000,BID,100-026,1000000,2000000,OFFER
2023-12-25 00:13:59.465,9128283H1,100-02+,2000000,4000000,BID,100-030,2000000,4000000,OFFER
2023-12-25 00:13:59.465,9128283H1,100-026,1000000,2000000,BID,100-030,1000000,2000000,OFFER
2023-12-25 00:13:59.465,9128283H1,100-026,2000000,4000000,BID,100-032,2000000,4000000,OFFER
2023-12-25 00:13:59.466,9128283H1,100-027,1000000,2000000,BID,100-033,1000000,2000000,OFFER
2023-12-25 00:13:59.466,9128283H1,100-030,2000000,4000000,BID,100-03+,2000000,4000000,OFFER
2023-12-25 00:13:59.466,9128283H1,100-032,1000000,2000000,BID,100-03+,1000000,2000000,OFFER
2023-12-25 00:13:59.466,9128283H1,100-032,2000000,4000000,BID,100-036,2000000,4000000,OFFER
2023-12-25 00:13:59.466,9128283H1,100-03+,1000000,2000000,BID,100-036,1000000,2000000,OFFER
2023-12-25 00:13:59.466,9128283H1,100-035,2000000,4000000,BID,100-037,2000000,4000000,OFFER
2023-12-25 00:13:59.466,9128283H1,100-036,1000000,2000000,BID,100-040,1000000,2000000,OFFER
2023-12-25 00:13:59.466,9128283H1,100-036,2000000,4000000,BID,100-042,2000000,4000000,OFFER
2023-12-25 00:13:59.466,9128283H1,100-037,1000000,2000000,BID,100-043,1000000,2000000,OFFER
2023-12-25 00:13:59.466,9128283H1,100-041,2000000,4000000,BID,100-043,2000000,4000000,OFFER
2023-12-25 00:13:59.467,9128283H1,100-041,1000000,2000000,BID,100-045,1000000,2000000,OFFER
2023-12-25 00:13:59.467,9128283H1,100-043,2000000,4000000,BID,100-045,2000000,4000000,OFFER
2023-12-25 00:13:59.467,9128283H1,100-043,1000000,2000000,BID,100-047,1000000,2000000,OFFER
2023-12-25 00:13:59.467,9128283H1,100-04+,2000000,4000000,BID,100-050,2000000,4000000,OFFER
2023-12-25 00:13:59.467,9128283H1,100-045,1000000,2000000,BID,100-051,1000000,2000000,OFFER
2023-12-25 00:13:59.467,9128283H1,100-047,2000000,4000000,BID,100-051,2000000,4000000,OFFER
2023-12-25 00:13:59.467,9128283H1,100-050,1000000,2000000,BID,100-052,1000000,2000000,OFFER
2023-12-25 00:13:59.467,9128283H1,100-051,2000000,4000000,BID,100-053,2000000,4000000,OFFER
2023-12-25 00:13:59.467,9128283H1,100-052,1000000,2000000,BID,100-05+,1000000,2000000,OFFER
2023-12-25 00:13:59.467,9128283H1,100-053,2000000,4000000,BID,100-055,2000000,4000000,OFFER
2023-12-25 00:13:59.468,9128283H1,100-05+,1000000,2000000,BID,100-056,1000000,2000000,OFFER
2023-12-25 00:13:59.468,9128283H1,100-055,2000000,4000000,BID,100-057,2000000,4000000,OFFER
2023-12-25 00:13:59.468,9128283H1,100-055,1000000,2000000,BID,100-061,1000000,2000000,OFFER
2023-12-25 00:13:59.468,9128283H1,100-057,2000000,4000000,BID,100-061,2000000,4000000,OFFER
2023-12-25 00:13:59.468,9128283H1,100-060,1000000,2000000,BID,100-062,1000000,2000000,OFFER
2023-12-25 00:13:59.468,9128283H1,100-060,2000000,4000000,BID,100-06+,2000000,4000000,OFFER
2023-12-25 00:13:59.468,9128283H1,100-061,1000000,2000000,BID,100-065,1000000,2000000,OFFER
2023-12-25 00:13:59.468,9128283H1,100-063,2000000,4000000,BID,100-065,2000000,4000000,OFFER
2023-12-25 00:13:59.468,9128283H1,100-06+,1000000,2000000,BID,100-066,1000000,2000000,OFFER
2023-12-25 00:13:59.468,9128283H1,100-065,2000000,4000000,BID,100-067,2000000,4000000,OFFER
2023-12-25 00:13:59.469,9128283H1,100-066,1000000,2000000,BID,100-070,1000000,2000000,OFFER
2023-12-25 00:13:59.469,9128283H1,100-067,2000000,4000000,BID,100-071,2000000,4000000,OFFER
2023-12-25 00:13:59.469,9128283H1,100-070,1000000,2000000,BID,100-072,1000000,2000000,OFFER
2023-12-25 00:13:59.469,9128283H1,100-071,2000000,4000000,BID,100-073,2000000,4000000,OFFER
2023-12-25 00:13:59.469,9128283H1,100-072,1000000,2000000,BID,100-07+,1000000,2000000,OFFER
2023-12-25 00:13:59.469,9128283H1,100-072,2000000,4000000,BID,100-076,2000000,4000000,OFFER
2023-12-25 00:13:59.469,9128283H1,100-07+,1000000,2000000,BID,100-076,1000000,2000000,OFFER
2023-12-25 00:13:59.469,9128283H1,100-07+,2000000,4000000,BID,100-080,2000000,4000000,OFFER
2023-12-25 00:13:59.469,9128283H1,100-075,1000000,2000000,BID,100-081,1000000,2000000,OFFER
2023-12-25 00:13:59.469,9128283H1,100-076,2000000,4000000,BID,100-082,2000000,4000000,OFFER
2023-12-25 00:13:59.470,9128283H1,100-080,1000000,2000000,BID,100-082,1000000,2000000,OFFER
2023-12-25 00:13:59.470,9128283H1,100-081,2000000,4000000,BID,100-083,2000000,4000000,OFFER
2023-12-25 00:13:59.470,9128283H1,100-082,1000000,2000000,BID,100-08+,1000000,2000000,OFFER
2023-12-25 00:13:59.470,9128283H1,100-083,2000000,4000000,BID,100-085,2000000,4000000,OFFER
2023-12-25 00:13:59.470,9128283H1,100-08+,1000000,2000000,BID,100-086,1000000,2000000,OFFER
2023-12-25 00:13:59.470,9128283H1,100-085,2000000,4000000,BID,100-087,2000000,4000000,OFFER
2023-12-25 00:13:59.470,9128283H1,100-085,1000000,2000000,BID,100-091,1000000,2000000,OFFER
2023-12-25 00:13:59.470,9128283H1,100-086,2000000,4000000,BID,100-092,2000000,4000000,OFFER
2023-12-25 00:13:59.470,9128283H1,100-090,1000000,2000000,BID,100-092,1000000,2000000,OFFER
2023-12-25 00:13:59.470,9128283H1,100-091,2000000,4000000,BID,100-093,2000000,4000000,OFFER
2023-12-25 00:13:59.471,9128283H1,100-092,1000000,2000000,BID,100-09+,1000000,2000000,OFFER
2023-12-25 00:13:59.471,9128283H1,100-092,2000000,4000000,BID,100-096,2000000,4000000,OFFER
2023-12-25 00:13:59.471,9128283H1,100-093,1000000,2000000,BID,100-097,1000000,2000000,OFFER
2023-12-25 00:13:59.471,9128283H1,100-09+,2000000,4000000,BID,100-100,2000000,4000000,OFFER
2023-12-25 00:13:59.471,9128283H1,100-095,1000000,2000000,BID,100-101,1000000,2000000,OFFER
2023-12-25 00:13:59.471,9128283H1,100-096,2000000,4000000,BID,100-102,2000000,4000000,OFFER
2023-12-25 00:13:59.471,9128283H1,100-100,1000000,2000000,BID,100-102,1000000,2000000,OFFER
2023-12-25 00:13:59.471,9128283H1,100-100,2000000,4000000,BID,100-10+,2000000,4000000,OFFER
2023-12-25 00:13:59.471,9128283H1,100-101,1000000,2000000,BID,100-105,1000000,2000000,OFFER
2023-12-25 00:13:59.471,9128283H1,100-103,2000000,4000000,BID,100-105,2000000,4000000,OFFER
2023-12-25 00:13:59.472,9128283H1,100-103,1000000,2000000,BID,100-107,1000000,2000000,OFFER
2023-12-25 00:13:59.472,9128283H1,100-10+,2000000,4000000,BID,100-110,2000000,4000000,OFFER
2023-12-25 00:13:59.472,9128283H1,100-106,1000000,2000000,BID,100-110,1000000,2000000,OFFER
2023-12-25 00:13:59.472,9128283H1,100-107,2000000,4000000,BID,100-111,2000000,4000000,OFFER
2023-12-25 00:13:59.472,9128283H1,100-110,1000000,2000000,BID,100-112,1000000,2000000,OFFER
2023-12-25 00:13:59.472,9128283H1,100-110,2000000,4000000,BID,100-11+,2000000,4000000,OFFER
2023-12-25 00:13:59.472,9128283H1,100-111,1000000,2000000,BID,100-115,1000000,2000000,OFFER
2023-12-25 00:13:59.472,9128283H1,100-113,2000000,4000000,BID,100-115,2000000,4000000,OFFER
2023-12-25 00:13:59.472,9128283H1,100-113,1000000,2000000,BID,100-117,1000000,2000000,OFFER
2023-12-25 00:13:59.472,9128283H1,100-115,2000000,4000000,BID,100-117,2000000,4000000,OFFER
2023-12-25 00:13:59.473,9128283H1,100-115,1000000,2000000,BID,100-121,1000000,2000000,OFFER
2023-12-25 00:13:59.473,9128283H1,100-117,2000000,4000000,BID,100-121,2000000,4000000,OFFER
2023-12-25 00:13:59.473,9128283H1,100-117,1000000,2000000,BID,100-123,1000000,2000000,OFFER
2023-12-25 00:13:59.473,9128283H1,100-121,2000000,4000000,BID,100-123,2000000,4000000,OFFER
2023-12-25 00:13:59.473,9128283H1,100-121,1000000,2000000,BID,100-125,1000000,2000000,OFFER
2023-12-25 00:13:59.473,9128283H1,100-123,2000000,4000000,BID,100-125,2000000,4000000,OFFER
2023-12-25 00:13:59.473,9128283H1,100-12+,1000000,2000000,BID,100-126,1000000,2000000,OFFER
2023-12-25 00:13:59.473,9128283H1,100-125,2000000,4000000,BID,100-127,2000000,4000000,OFFER
2023-12-25 00:13:59.473,9128283H1,100-126,1000000,2000000,BID,100-130,1000000,2000000,OFFER
2023-12-25 00:13:59.473,9128283H1,100-126,2000000,4000000,BID,100-132,2000000,4000000,OFFER
2023-12-25 00:13:59.473,9128283H1,100-130,1000000,2000000,BID,100-132,1000000,2000000,OFFER
2023-12-25 00:13:59.473,9128283H1,100-131,2000000,4000000,BID,100-133,2000000,4000000,OFFER
2023-12-25 00:13:59.474,9128283H1,100-131,1000000,2000000,BID,100-135,1000000,2000000,OFFER
2023-12-25 00:13:59.474,9128283H1,100-133,2000000,4000000,BID,100-135,2000000,4000000,OFFER
2023-12-25 00:13:59.474,9128283H1,100-133,1000000,2000000,BID,100-137,1000000,2000000,OFFER
2023-12-25 00:13:59.474,9128283H1,100-13+,2000000,4000000,BID,100-140,2000000,4000000,OFFER
2023-12-25 00:13:59.474,9128283H1,100-135,1000000,2000000,BID,100-141,1000000,2000000,OFFER
2023-12-25 00:13:59.474,9128283H1,100-137,2000000,4000000,BID,100-141,2000000,4000000,OFFER
2023-12-25 00:13:59.474,9128283H1,100-140,1000000,2000000,BID,100-142,1000000,2000000,OFFER
2023-12-25 00:13:59.474,9128283H1,100-141,2000000,4000000,BID,100-143,2000000,4000000,OFFER
2023-12-25 00:13:59.474,9128283H1,100-141,1000000,2000000,BID,100-145,1000000,2000000,OFFER
2023-12-25 00:13:59.474,9128283H1,100-143,2000000,4000000,BID,100-145,2000000,4000000,OFFER
2023-12-25 00:13:59.474,9128283H1,100-143,1000000,2000000,BID,100-147,1000000,2000000,OFFER
2023-12-25 00:13:59.475,9128283H1,100-145,2000000,4000000,BID,100-147,2000000,4000000,OFFER
2023-12-25 00:13:59.475,9128283H1,100-145,1000000,2000000,BID,100-151,1000000,2000000,OFFER
2023-12-25 00:13:59.475,9128283H1,100-146,2000000,4000000,BID,100-152,2000000,4000000,OFFER
2023-12-25 00:13:59.475,9128283H1,100-147,1000000,2000000,BID,100-153,1000000,2000000,OFFER
2023-12-25 00:13:59.475,9128283H1,100-151,2000000,4000000,BID,100-153,2000000,4000000,OFFER
2023-12-25 00:13:59.475,9128283H1,100-151,1000000,2000000,BID,100-155,1000000,2000000,OFFER
2023-12-25 00:13:59.475,9128283H1,100-152,2000000,4000000,BID,100-156,2000000,4000000,OFFER
2023-12-25 00:13:59.475,9128283H1,100-153,1000000,2000000,BID,100-157,1000000,2000000,OFFER
2023-12-25 00:13:59.475,9128283H1,100-15+,2000000,4000000,BID,100-160,2000000,4000000,OFFER
2023-12-25 00:13:59.475,9128283H1,100-156,1000000,2000000,BID,100-160,1000000,2000000,OFFER
2023-12-25 00:13:59.475,9128283H1,100-156,2000000,4000000,BID,100-162,2000000,4000000,OFFER
2023-12-25 00:13:59.476,9128283H1,100-160,1000000,2000000,BID,100-162,1000000,2000000,OFFER
2023-12-25 00:13:59.476,9128283H1,100-160,2000000,4000000,BID,100-16+,2000000,4000000,OFFER
2023-12-25 00:13:59.476,9128283H1,100-161,1000000,2000000,BID,100-165,1000000,2000000,OFFER
2023-12-25 00:13:59.476,9128283H1,100-162,2000000,4000000,BID,100-166,2000000,4000000,OFFER
2023-12-25 00:13:59.476,9128283H1,100-16+,1000000,2000000,BID,100-166,1000000,2000000,OFFER
2023-12-25 00:13:59.476,9128283H1,100-16+,2000000,4000000,BID,100-170,2000000,4000000,OFFER
2023-12-25 00:13:59.476,9128283H1,100-166,1000000,2000000,BID,100-170,1000000,2000000,OFFER
2023-12-25 00:13:59.476,9128283H1,100-167,2000000,4000000,BID,100-171,2000000,4000000,OFFER
2023-12-25 00:13:59.476,9128283H1,100-167,1000000,2000000,BID,100-173,1000000,2000000,OFFER
2023-12-25 00:13:59.476,9128283H1,100-170,2000000,4000000,BID,100-17+,2000000,4000000,OFFER
2023-12-25 00:13:59.477,9128283H1,100-171,1000000,2000000,BID,100-175,1000000,2000000,OFFER
2023-12-25 00:13:59.477,9128283H1,100-173,2000000,4000000,BID,100-175,2000000,4000000,OFFER
2023-12-25 00:13:59.477,9128283H1,100-173,1000000,2000000,BID,100-177,1000000,2000000,OFFER
2023-12-25 00:13:59.477,9128283H1,100-175,2000000,4000000,BID,100-177,2000000,4000000,OFFER
2023-12-25 00:13:59.477,9128283H1,100-175,1000000,2000000,BID,100-181,1000000,2000000,OFFER
2023-12-25 00:13:59.477,9128283H1,100-176,2000000,4000000,BID,100-182,2000000,4000000,OFFER
2023-12-25 00:13:59.477,9128283H1,100-177,1000000,2000000,BID,100-183,1000000,2000000,OFFER
2023-12-25 00:13:59.477,9128283H1,100-180,2000000,4000000,BID,100-18+,2000000,4000000,OFFER
2023-12-25 00:13:59.478,9128283H1,100-182,1000000,2000000,BID,100-18+,1000000,2000000,OFFER
2023-12-25 00:13:59.478,9128283H1,100-183,2000000,4000000,BID,100-185,2000000,4000000,OFFER
2023-12-25 00:13:59.478,9128283H1,100-183,1000000,2000000,BID,100-187,1000000,2000000,OFFER
2023-12-25 00:13:59.478,9128283H1,100-18+,2000000,4000000,BID,100-190,2000000,4000000,OFFER
2023-12-25 00:13:59.478,9128283H1,100-186,1000000,2000000,BID,100-190,1000000,2000000,OFFER
2023-12-25 00:13:59.478,9128283H1,100-186,2000000,4000000,BID,100-192,2000000,4000000,OFFER
2023-12-25 00:13:59.478,9128283H1,100-187,1000000,2000000,BID,100-193,1000000,2000000,OFFER
2023-12-25 00:13:59.478,9128283H1,100-190,2000000,4000000,BID,100-19+,2000000,4000000,OFFER
2023-12-25 00:13:59.479,9128283H1,100-192,1000000,2000000,BID,100-19+,1000000,2000000,OFFER
2023-12-25 00:13:59.479,9128283H1,100-193,2000000,4000000,BID,100-195,2000000,4000000,OFFER
2023-12-25 00:13:59.479,9128283H1,100-193,1000000,2000000,BID,100-197,1000000,2000000,OFFER
2023-12-25 00:13:59.479,9128283H1,100-195,2000000,4000000,BID,100-197,2000000,4000000,OFFER
2023-12-25 00:13:59.479,9128283H1,100-196,1000000,2000000,BID,100-200,1000000,2000000,OFFER
2023-12-25 00:13:59.479,9128283H1,100-197,2000000,4000000,BID,100-201,2000000,4000000,OFFER
2023-12-25 00:13:59.479,9128283H1,100-197,1000000,2000000,BID,100-203,1000000,2000000,OFFER
2023-12-25 00:13:59.479,9128283H1,100-201,2000000,4000000,BID,100-203,2000000,4000000,OFFER
2023-12-25 00:13:59.479,9128283H1,100-201,1000000,2000000,BID,100-205,1000000,2000000,OFFER
2023-12-25 00:13:59.480,9128283H1,100-203,2000000,4000000,BID,100-205,2000000,4000000,OFFER
2023-12-25 00:13:59.480,9128283H1,100-20+,1000000,2000000,BID,100-206,1000000,2000000,OFFER
2023-12-25 00:13:59.480,9128283H1,100-20+,2000000,4000000,BID,100-210,2000000,4000000,OFFER
2023-12-25 00:13:59.480,9128283H1,100-205,1000000,2000000,BID,100-211,1000000,2000000,OFFER
2023-12-25 00:13:59.480,9128283H1,100-207,2000000,4000000,BID,100-211,2000000,4000000,OFFER
2023-12-25 00:13:59.480,9128283H1,100-210,1000000,2000000,BID,100-212,1000000,2000000,OFFER
2023-12-25 00:13:59.480,9128283H1,100-211,2000000,4000000,BID,100-213,2000000,4000000,OFFER
2023-12-25 00:13:59.480,9128283H1,100-212,1000000,2000000,BID,100-21+,1000000,2000000,OFFER
2023-12-25 00:13:59.480,9128283H1,100-213,2000000,4000000,BID,100-215,2000000,4000000,OFFER
2023-12-25 00:13:59.481,9128283H1,100-21+,1000000,2000000,BID,100-216,1000000,2000000,OFFER
2023-12-25 00:13:59.481,9128283H1,100-215,2000000,4000000,BID,100-217,2000000,4000000,OFFER
2023-12-25 00:13:59.481,9128283H1,100-215,1000000,2000000,BID,100-221,1000000,2000000,OFFER
2023-12-25 00:13:59.481,9128283H1,100-216,2000000,4000000,BID,100-222,2000000,4000000,OFFER
2023-12-25 00:13:59.481,9128283H1,100-217,1000000,2000000,BID,100-223,1000000,2000000,OFFER
2023-12-25 00:13:59.481,9128283H1,100-220,2000000,4000000,BID,100-22+,2000000,4000000,OFFER
2023-12-25 00:13:59.481,9128283H1,100-221,1000000,2000000,BID,100-225,1000000,2000000,OFFER
2023-12-25 00:13:59.481,9128283H1,100-222,2000000,4000000,BID,100-226,2000000,4000000,OFFER
2023-12-25 00:13:59.481,9128283H1,100-22+,1000000,2000000,BID,100-226,1000000,2000000,OFFER
2023-12-25 00:13:59.481,9128283H1,100-225,2000000,4000000,BID,100-227,2000000,4000000,OFFER
2023-12-25 00:13:59.481,9128283H1,100-225,1000000,2000000,BID,100-231,1000000,2000000,OFFER
2023-12-25 00:13:59.482,9128283H1,100-226,2000000,4000000,BID,100-232,2000000,4000000,OFFER
2023-12-25 00:13:59.482,9128283H1,100-227,1000000,2000000,BID,100-233,1000000,2000000,OFFER
2023-12-25 00:13:59.482,9128283H1,100-230,2000000,4000000,BID,100-23+,2000000,4000000,OFFER
2023-12-25 00:13:59.482,9128283H1,100-231,1000000,2000000,BID,100-235,1000000,2000000,OFFER
2023-12-25 00:13:59.482,9128283H1,100-232,2000000,4000000,BID,100-236,2000000,4000000,OFFER
2023-12-25 00:13:59.482,9128283H1,100-233,1000000,2000000,BID,100-237,1000000,2000000,OFFER
2023-12-25 00:13:59.482,9128283H1,100-23+,2000000,4000000,BID,100-240,2000000,4000000,OFFER
2023-12-25 00:13:59.482,9128283H1,100-236,1000000,2000000,BID,100-240,1000000,2000000,OFFER
2023-12-25 00:13:59.482,9128283H1,100-237,2000000,4000000,BID,100-241,2000000,4000000,OFFER
2023-12-25 00:13:59.482,9128283H1,100-240,1000000,2000000,BID,100-242,1000000,2000000,OFFER
2023-12-25 00:13:59.482,9128283H1,100-240,2000000,4000000,BID,100-24+,2000000,4000000,OFFER
2023-12-25 00:13:59.483,9128283H1,100-241,1000000,2000000,BID,100-245,1000000,2000000,OFFER
2023-12-25 00:13:59.483,9128283H1,100-243,2000000,4000000,BID,100-245,2000000,4000000,OFFER
2023-12-25 00:13:59.483,9128283H1,100-24+,1000000,2000000,BID,100-246,1000000,2000000,OFFER
2023-12-25 00:13:59.483,9128283H1,100-24+,2000000,4000000,BID,100-250,2000000,4000000,OFFER
2023-12-25 00:13:59.483,9128283H1,100-245,1000000,2000000,BID,100-251,1000000,2000000,OFFER
2023-12-25 00:13:59.483,9128283H1,100-247,2000000,4000000,BID,100-251,2000000,4000000,OFFER
2023-12-25 00:13:59.483,9128283H1,100-250,1000000,2000000,BID,100-252,1000000,2000000,OFFER
2023-12-25 00:13:59.483,9128283H1,100-250,2000000,4000000,BID,100-25+,2000000,4000000,OFFER
2023-12-25 00:13:59.483,9128283H1,100-251,1000000,2000000,BID,100-255,1000000,2000000,OFFER
2023-12-25 00:13:59.483,9128283H1,100-253,2000000,4000000,BID,100-255,2000000,4000000,OFFER
2023-12-25 00:13:59.484,9128283H1,100-25+,1000000,2000000,BID,100-256,1000000,2000000,OFFER
2023-12-25 00:13:59.484,9128283H1,100-255,2000000,4000000,BID,100-257,2000000,4000000,OFFER
2023-12-25 00:13:59.484,9128283H1,100-255,1000000,2000000,BID,100-261,1000000,2000000,OFFER
2023-12-25 00:13:59.484,9128283H1,100-257,2000000,4000000,BID,100-261,2000000,4000000,OFFER
2023-12-25 00:13:59.484,9128283H1,100-260,1000000,2000000,BID,100-262,1000000,2000000,OFFER
2023-12-25 00:13:59.484,9128283H1,100-261,2000000,4000000,BID,100-263,2000000,4000000,OFFER
2023-12-25 00:13:59.484,9128283H1,100-261,1000000,2000000,BID,100-265,1000000,2000000,OFFER
2023-12-25 00:13:59.484,9128283H1,100-263,2000000,4000000,BID,100-265,2000000,4000000,OFFER
2023-12-25 00:13:59.484,9128283H1,100-26+,1000000,2000000,BID,100-266,1000000,2000000,OFFER
2023-12-25 00:13:59.484,9128283H1,100-26+,2000000,4000000,BID,100-270,2000000,4000000,OFFER
2023-12-25 00:13:59.485,9128283H1,100-265,1000000,2000000,BID,100-271,1000000,2000000,OFFER
2023-12-25 00:13:59.485,9128283H1,100-266,2000000,4000000,BID,100-272,2000000,4000000,OFFER
2023-12-25 00:13:59.485,9128283H1,100-267,1000000,2000000,BID,100-273,1000000,2000000,OFFER
2023-12-25 00:13:59.485,9128283H1,100-271,2000000,4000000,BID,100-273,2000000,4000000,OFFER
2023-12-25 00:13:59.485,9128283H1,100-271,1000000,2000000,BID,100-275,1000000,2000000,OFFER
2023-12-25 00:13:59.485,9128283H1,100-273,2000000,4000000,BID,100-275,2000000,4000000,OFFER
2023-12-25 00:13:59.485,9128283H1,100-27+,1000000,2000000,BID,100-276,1000000,2000000,OFFER
2023-12-25 00:13:59.485,9128283H1,100-275,2000000,4000000,BID,100-277,2000000,4000000,OFFER
2023-12-25 00:13:59.485,9128283H1,100-275,1000000,2000000,BID,100-281,1000000,2000000,OFFER
2023-12-25 00:13:59.485,9128283H1,100-277,2000000,4000000,BID,100-281,2000000,4000000,OFFER
2023-12-25 00:13:59.485,9128283H1,100-280,1000000,2000000,BID,100-282,1000000,2000000,OFFER
2023-12-25 00:13:59.486,9128283H1,100-280,2000000,4000000,BID,100-28+,2000000,4000000,OFFER
2023-12-25 00:13:59.486,9128283H1,100-282,1000000,2000000,BID,100-28+,1000000,2000000,OFFER
2023-12-25 00:13:59.486,9128283H1,100-282,2000000,4000000,BID,100-286,2000000,4000000,OFFER
2023-12-25 00:13:59.486,9128283H1,100-28+,1000000,2000000,BID,100-286,1000000,2000000,OFFER
2023-12-25 00:13:59.486,9128283H1,100-285,2000000,4000000,BID,100-287,2000000,4000000,OFFER
2023-12-25 00:13:59.486,9128283H1,100-285,1000000,2000000,BID,100-291,1000000,2000000,OFFER
2023-12-25 00:13:59.486,9128283H1,100-286,2000000,4000000,BID,100-292,2000000,4000000,OFFER
2023-12-25 00:13:59.486,9128283H1,100-290,1000000,2000000,BID,100-292,1000000,2000000,OFFER
2023-12-25 00:13:59.486,9128283H1,100-291,2000000,4000000,BID,100-293,2000000,4000000,OFFER
2023-12-25 00:13:59.486,9128283H1,100-292,1000000,2000000,BID,100-29+,1000000,2000000,OFFER
2023-12-25 00:13:59.487,9128283H1,100-293,2000000,4000000,BID,100-295,2000000,4000000,OFFER
2023-12-25 00:13:59.487,9128283H1,100-293,1000000,2000000,BID,100-297,1000000,2000000,OFFER
2023-12-25 00:13:59.487,9128283H1,100-295,2000000,4000000,BID,100-297,2000000,4000000,OFFER
2023-12-25 00:13:59.487,9128283H1,100-296,1000000,2000000,BID,100-300,1000000,2000000,OFFER
2023-12-25 00:13:59.487,9128283H1,100-296,2000000,4000000,BID,100-302,2000000,4000000,OFFER
2023-12-25 00:13:59.487,9128283H1,100-300,1000000,2000000,BID,100-302,1000000,2000000,OFFER
2023-12-25 00:13:59.487,9128283H1,100-300,2000000,4000000,BID,100-30+,2000000,4000000,OFFER
2023-12-25 00:13:59.487,9128283H1,100-302,1000000,2000000,BID,100-30+,1000000,2000000,OFFER
2023-12-25 00:13:59.488,9128283H1,100-302,2000000,4000000,BID,100-306,2000000,4000000,OFFER
2023-12-25 00:13:59.488,9128283H1,100-303,1000000,2000000,BID,100-307,1000000,2000000,OFFER
2023-12-25 00:13:59.488,9128283H1,100-30+,2000000,4000000,BID,100-310,2000000,4000000,OFFER
2023-12-25 00:13:59.488,9128283H1,100-305,1000000,2000000,BID,100-311,1000000,2000000,OFFER
2023-12-25 00:13:59.488,9128283H1,100-307,2000000,4000000,BID,100-311,2000000,4000000,OFFER
2023-12-25 00:13:59.488,9128283H1,100-307,1000000,2000000,BID,100-313,1000000,2000000,OFFER
2023-12-25 00:13:59.488,9128283H1,100-311,2000000,4000000,BID,100-313,2000000,4000000,OFFER
2023-12-25 00:13:59.488,9128283H1,100-311,1000000,2000000,BID,100-315,1000000,2000000,OFFER
2023-12-25 00:13:59.489,9128283H1,100-312,2000000,4000000,BID,100-316,2000000,4000000,OFFER
2023-12-25 00:13:59.489,9128283H1,100-31+,1000000,2000000,BID,100-316,1000000,2000000,OFFER
2023-12-25 00:13:59.489,9128283H1,100-31+,2000000,4000000,BID,101-000,2000000,4000000,OFFER
2023-12-25 00:13:59.489,9128283H1,100-316,1000000,2000000,BID,101-000,1000000,2000000,OFFER
2023-12-25 00:13:59.489,9128283H1,100-31+,2000000,4000000,BID,101-000,2000000,4000000,OFFER
2023-12-25 00:13:59.489,9128283H1,100-31+,1000000,2000000,BID,100-316,1000000,2000000,OFFER
2023-12-25 00:13:59.489,9128283H1,100-313,2000000,4000000,BID,100-315,2000000,4000000,OFFER
2023-12-25 00:13:59.489,9128283H1,100-311,1000000,2000000,BID,100-315,1000000,2000000,OFFER
2023-12-25 00:13:59.489,9128283H1,100-310,2000000,4000000,BID,100-31+,2000000,4000000,OFFER
2023-12-25 00:13:59.490,9128283H1,100-310,1000000,2000000,BID,100-312,1000000,2000000,OFFER
2023-12-25 00:13:59.490,9128283H1,100-306,2000000,4000000,BID,100-312,2000000,4000000,OFFER
2023-12-25 00:13:59.490,9128283H1,100-305,1000000,2000000,BID,100-311,1000000,2000000,OFFER
2023-12-25 00:13:59.490,9128283H1,100-305,2000000,4000000,BID,100-307,2000000,4000000,OFFER
2023-12-25 00:13:59.490,9128283H1,100-303,1000000,2000000,BID,100-307,1000000,2000000,OFFER
2023-12-25 00:13:59.490,9128283H1,100-302,2000000,4000000,BID,100-306,2000000,4000000,OFFER
2023-12-25 00:13:59.490,9128283H1,100-301,1000000,2000000,BID,100-305,1000000,2000000,OFFER
2023-12-25 00:13:59.490,9128283H1,100-301,2000000,4000000,BID,100-303,2000000,4000000,OFFER
2023-12-25 00:13:59.490,9128283H1,100-297,1000000,2000000,BID,100-303,1000000,2000000,OFFER
2023-12-25 00:13:59.491,9128283H1,100-297,2000000,4000000,BID,100-301,2000000,4000000,OFFER
2023-12-25 00:13:59.491,9128283H1,100-295,1000000,2000000,BID,100-301,1000000,2000000,OFFER
2023-12-25 00:13:59.491,9128283H1,100-29+,2000000,4000000,BID,100-300,2000000,4000000,OFFER
2023-12-25 00:13:59.491,9128283H1,100-293,1000000,2000000,BID,100-297,1000000,2000000,OFFER
2023-12-25 00:13:59.491,9128283H1,100-293,2000000,4000000,BID,100-295,2000000,4000000,OFFER
2023-12-25 00:13:59.491,9128283H1,100-292,1000000,2000000,BID,100-29+,1000000,2000000,OFFER
2023-12-25 00:13:59.491,9128283H1,100-291,2000000,4000000,BID,100-293,2000000,4000000,OFFER
2023-12-25 00:13:59.491,9128283H1,100-287,1000000,2000000,BID,100-293,1000000,2000000,OFFER
2023-12-25 00:13:59.491,9128283H1,100-286,2000000,4000000,BID,100-292,2000000,4000000,OFFER
2023-12-25 00:13:59.491,9128283H1,100-286,1000000,2000000,BID,100-290,1000000,2000000,OFFER
2023-12-25 00:13:59.492,9128283H1,100-285,2000000,4000000,BID,100-287,2000000,4000000,OFFER
2023-12-25 00:13:59.492,9128283H1,100-28+,1000000,2000000,BID,100-286,1000000,2000000,OFFER
2023-12-25 00:13:59.492,9128283H1,100-283,2000000,4000000,BID,100-285,2000000,4000000,OFFER
2023-12-25 00:13:59.492,9128283H1,100-281,1000000,2000000,BID,100-285,1000000,2000000,OFFER
2023-12-25 00:13:59.492,9128283H1,100-281,2000000,4000000,BID,100-283,2000000,4000000,OFFER
2023-12-25 00:13:59.492,9128283H1,100-280,1000000,2000000,BID,100-282,1000000,2000000,OFFER
2023-12-25 00:13:59.492,9128283H1,100-277,2000000,4000000,BID,100-281,2000000,4000000,OFFER
2023-12-25 00:13:59.492,9128283H1,100-276,1000000,2000000,BID,100-280,1000000,2000000,OFFER
2023-12-25 00:13:59.492,9128283H1,100-275,2000000,4000000,BID,100-277,2000000,4000000,OFFER
2023-12-25 00:13:59.492,9128283H1,100-273,1000000,2000000,BID,100-277,1000000,2000000,OFFER
2023-12-25 00:13:59.493,9128283H1,100-273,2000000,4000000,BID,100-275,2000000,4000000,OFFER
2023-12-25 00:13:59.493,9128283H1,100-272,1000000,2000000,BID,100-27+,1000000,2000000,OFFER
2023-12-25 00:13:59.493,9128283H1,100-270,2000000,4000000,BID,100-27+,2000000,4000000,OFFER
2023-12-25 00:13:59.493,9128283H1,100-270,1000000,2000000,BID,100-272,1000000,2000000,OFFER
2023-12-25 00:13:59.493,9128283H1,100-266,2000000,4000000,BID,100-272,2000000,4000000,OFFER
2023-12-25 00:13:59.493,9128283H1,100-266,1000000,2000000,BID,100-270,1000000,2000000,OFFER
2023-12-25 00:13:59.493,9128283H1,100-26+,2000000,4000000,BID,100-270,2000000,4000000,OFFER
2023-12-25 00:13:59.493,9128283H1,100-26+,1000000,2000000,BID,100-266,1000000,2000000,OFFER
2023-12-25 00:13:59.493,9128283H1,100-263,2000000,4000000,BID,100-265,2000000,4000000,OFFER
2023-12-25 00:13:59.494,9128283H1,100-262,1000000,2000000,BID,100-26+,1000000,2000000,OFFER
2023-12-25 00:13:59.494,9128283H1,100-260,2000000,4000000,BID,100-26+,2000000,4000000,OFFER
2023-12-25 00:13:59.494,9128283H1,100-260,1000000,2000000,BID,100-262,1000000,2000000,OFFER
2023-12-25 00:13:59.494,9128283H1,100-257,2000000,4000000,BID,100-261,2000000,4000000,OFFER
2023-12-25 00:13:59.494,9128283H1,100-256,1000000,2000000,BID,100-260,1000000,2000000,OFFER
2023-12-25 00:13:59.494,9128283H1,100-25+,2000000,4000000,BID,100-260,2000000,4000000,OFFER
2023-12-25 00:13:59.494,9128283H1,100-25+,1000000,2000000,BID,100-256,1000000,2000000,OFFER
2023-12-25 00:13:59.494,9128283H1,100-252,2000000,4000000,BID,100-256,2000000,4000000,OFFER
2023-12-25 00:13:59.494,9128283H1,100-252,1000000,2000000,BID,100-25+,1000000,2000000,OFFER
2023-12-25 00:13:59.494,9128283H1,100-250,2000000,4000000,BID,100-25+,2000000,4000000,OFFER
2023-12-25 00:13:59.495,9128283H1,100-250,1000000,2000000,BID,100-252,1000000,2000000,OFFER
2023-12-25 00:13:59.495,9128283H1,100-247,2000000,4000000,BID,100-251,2000000,4000000,OFFER
2023-12-25 00:13:59.495,9128283H1,100-245,1000000,2000000,BID,100-251,1000000,2000000,OFFER
2023-12-25 00:13:59.495,9128283H1,100-24+,2000000,4000000,BID,100-250,2000000,4000000,OFFER
2023-12-25 00:13:59.495,9128283H1,100-24+,1000000,2000000,BID,100-246,1000000,2000000,OFFER
2023-12-25 00:13:59.495,9128283H1,100-243,2000000,4000000,BID,100-245,2000000,4000000,OFFER
2023-12-25 00:13:59.495,9128283H1,100-241,1000000,2000000,BID,100-245,1000000,2000000,OFFER
2023-12-25 00:13:59.495,9128283H1,100-240,2000000,4000000,BID,100-24+,2000000,4000000,OFFER
2023-12-25 00:13:59.495,9128283H1,100-237,1000000,2000000,BID,100-243,1000000,2000000,OFFER
2023-12-25 00:13:59.495,9128283H1,100-237,2000000,4000000,BID,100-241,2000000,4000000,OFFER
2023-12-25 00:13:59.495,9128283H1,100-235,1000000,2000000,BID,100-241,1000000,2000000,OFFER
2023-12-25 00:13:59.496,9128283H1,100-23+,2000000,4000000,BID,100-240,2000000,4000000,OFFER
2023-12-25 00:13:59.496,9128283H1,100-23+,1000000,2000000,BID,100-236,1000000,2000000,OFFER
2023-12-25 00:13:59.496,9128283H1,100-233,2000000,4000000,BID,100-235,2000000,4000000,OFFER
2023-12-25 00:13:59.496,9128283H1,100-232,1000000,2000000,BID,100-23+,1000000,2000000,OFFER
2023-12-25 00:13:59.496,9128283H1,100-231,2000000,4000000,BID,100-233,2000000,4000000,OFFER
2023-12-25 00:13:59.496,9128283H1,100-227,1000000,2000000,BID,100-233,1000000,2000000,OFFER
2023-12-25 00:13:59.496,9128283H1,100-226,2000000,4000000,BID,100-232,2000000,4000000,OFFER
2023-12-25 00:13:59.496,9128283H1,100-226,1000000,2000000,BID,100-230,1000000,2000000,OFFER
2023-12-25 00:13:59.496,9128283H1,100-22+,2000000,4000000,BID,100-230,2000000,4000000,OFFER
2023-12-25 00:13:59.496,9128283H1,100-223,1000000,2000000,BID,100-227,1000000,2000000,OFFER
2023-12-25 00:13:59.497,9128283H1,100-223,2000000,4000000,BID,100-225,2000000,4000000,OFFER
2023-12-25 00:13:59.497,9128283H1,100-222,1000000,2000000,BID,100-22+,1000000,2000000,OFFER
2023-12-25 00:13:59.497,9128283H1,100-220,2000000,4000000,BID,100-22+,2000000,4000000,OFFER
2023-12-25 00:13:59.497,9128283H1,100-220,1000000,2000000,BID,100-222,1000000,2000000,OFFER
2023-12-25 00:13:59.497,9128283H1,100-217,2000000,4000000,BID,100-221,2000000,4000000,OFFER
2023-12-25 00:13:59.497,9128283H1,100-215,1000000,2000000,BID,100-221,1000000,2000000,OFFER
2023-12-25 00:13:59.497,9128283H1,100-215,2000000,4000000,BID,100-217,2000000,4000000,OFFER
2023-12-25 00:13:59.497,9128283H1,100-213,1000000,2000000,BID,100-217,1000000,2000000,OFFER
2023-12-25 00:13:59.497,9128283H1,100-213,2000000,4000000,BID,100-215,2000000,4000000,OFFER
2023-12-25 00:13:59.497,9128283H1,100-211,1000000,2000000,BID,100-215,1000000,2000000,OFFER
2023-12-25 00:13:59.497,9128283H1,100-211,2000000,4000000,BID,100-213,2000000,4000000,OFFER
2023-12-25 00:13:59.498,9128283H1,100-210,1000000,2000000,BID,100-212,1000000,2000000,OFFER
2023-12-25 00:13:59.498,9128283H1,100-207,2000000,4000000,BID,100-211,2000000,4000000,OFFER
2023-12-25 00:13:59.498,9128283H1,100-205,1000000,2000000,BID,100-211,1000000,2000000,OFFER
2023-12-25 00:13:59.498,9128283H1,100-205,2000000,4000000,BID,100-207,2000000,4000000,OFFER
2023-12-25 00:13:59.498,9128283H1,100-203,1000000,2000000,BID,100-207,1000000,2000000,OFFER
2023-12-25 00:13:59.498,9128283H1,100-202,2000000,4000000,BID,100-206,2000000,4000000,OFFER
2023-12-25 00:13:59.498,9128283H1,100-201,1000000,2000000,BID,100-205,1000000,2000000,OFFER
2023-12-25 00:13:59.498,9128283H1,100-200,2000000,4000000,BID,100-20+,2000000,4000000,OFFER
2023-12-25 00:13:59.498,9128283H1,100-200,1000000,2000000,BID,100-202,1000000,2000000,OFFER
2023-12-25 00:13:59.498,9128283H1,100-197,2000000,4000000,BID,100-201,2000000,4000000,OFFER
2023-12-25 00:13:59.499,9128283H1,100-195,1000000,2000000,BID,100-201,1000000,2000000,OFFER
2023-12-25 00:13:59.499,9128283H1,100-19+,2000000,4000000,BID,100-200,2000000,4000000,OFFER
2023-12-25 00:13:59.499,9128283H1,100-19+,1000000,2000000,BID,100-196,1000000,2000000,OFFER
2023-12-25 00:13:59.499,9128283H1,100-193,2000000,4000000,BID,100-195,2000000,4000000,OFFER
2023-12-25 00:13:59.499,9128283H1,100-192,1000000,2000000,BID,100-19+,1000000,2000000,OFFER
2023-12-25 00:13:59.499,9128283H1,100-190,2000000,4000000,BID,100-19+,2000000,4000000,OFFER
2023-12-25 00:13:59.499,9128283H1,100-187,1000000,2000000,BID,100-193,1000000,2000000,OFFER
2023-12-25 00:13:59.499,9128283H1,100-186,2000000,4000000,BID,100-192,2000000,4000000,OFFER
2023-12-25 00:13:59.499,9128283H1,100-185,1000000,2000000,BID,100-191,1000000,2000000,OFFER
2023-12-25 00:13:59.499,9128283H1,100-185,2000000,4000000,BID,100-187,2000000,4000000,OFFER
2023-12-25 00:13:59.499,9128283H1,100-183,1000000,2000000,BID,100-187,1000000,2000000,OFFER
2023-12-25 00:13:59.500,9128283H1,100-183,2000000,4000000,BID,100-185,2000000,4000000,OFFER
2023-12-25 00:13:59.500,9128283H1,100-181,1000000,2000000,BID,100-185,1000000,2000000,OFFER
2023-12-25 00:13:59.500,9128283H1,100-180,2000000,4000000,BID,100-18+,2000000,4000000,OFFER
2023-12-25 00:13:59.500,9128283H1,100-180,1000000,2000000,BID,100-182,1000000,2000000,OFFER
2023-12-25 00:13:59.500,9128283H1,100-177,2000000,4000000,BID,100-181,2000000,4000000,OFFER
2023-12-25 00:13:59.500,9128283H1,100-176,1000000,2000000,BID,100-180,1000000,2000000,OFFER
2023-12-25 00:13:59.500,9128283H1,100-17+,2000000,4000000,BID,100-180,2000000,4000000,OFFER
2023-12-25 00:13:59.500,9128283H1,100-17+,1000000,2000000,BID,100-176,1000000,2000000,OFFER
2023-12-25 00:13:59.500,9128283H1,100-173,2000000,4000000,BID,100-175,2000000,4000000,OFFER
2023-12-25 00:13:59.500,9128283H1,100-172,1000000,2000000,BID,100-17+,1000000,2000000,OFFER
2023-12-25 00:13:59.501,9128283H1,100-171,2000000,4000000,BID,100-173,2000000,4000000,OFFER
2023-12-25 00:13:59.501,9128283H1,100-170,1000000,2000000,BID,100-172,1000000,2000000,OFFER
2023-12-25 00:13:59.501,9128283H1,100-166,2000000,4000000,BID,100-172,2000000,4000000,OFFER
2023-12-25 00:13:59.501,9128283H1,100-165,1000000,2000000,BID,100-171,1000000,2000000,OFFER
2023-12-25 00:13:59.501,9128283H1,100-16+,2000000,4000000,BID,100-170,2000000,4000000,OFFER
2023-12-25 00:13:59.501,9128283H1,100-163,1000000,2000000,BID,100-167,1000000,2000000,OFFER
2023-12-25 00:13:59.501,9128283H1,100-162,2000000,4000000,BID,100-166,2000000,4000000,OFFER
2023-12-25 00:13:59.501,9128283H1,100-161,1000000,2000000,BID,100-165,1000000,2000000,OFFER
2023-12-25 00:13:59.501,9128283H1,100-160,2000000,4000000,BID,100-16+,2000000,4000000,OFFER
2023-12-25 00:13:59.501,9128283H1,100-160,1000000,2000000,BID,100-162,1000000,2000000,OFFER
2023-12-25 00:13:59.502,9128283H1,100-157,2000000,4000000,BID,100-161,2000000,4000000,OFFER
2023-12-25 00:13:59.502,9128283H1,100-155,1000000,2000000,BID,100-161,1000000,2000000,OFFER
2023-12-25 00:13:59.502,9128283H1,100-15+,2000000,4000000,BID,100-160,2000000,4000000,OFFER
2023-12-25 00:13:59.502,9128283H1,100-15+,1000000,2000000,BID,100-156,1000000,2000000,OFFER
2023-12-25 00:13:59.502,9128283H1,100-153,2000000,4000000,BID,100-155,2000000,4000000,OFFER
2023-12-25 00:13:59.502,9128283H1,100-151,1000000,2000000,BID,100-155,1000000,2000000,OFFER
2023-12-25 00:13:59.502,9128283H1,100-150,2000000,4000000,BID,100-15+,2000000,4000000,OFFER
2023-12-25 00:13:59.502,9128283H1,100-147,1000000,2000000,BID,100-153,1000000,2000000,OFFER
2023-12-25 00:13:59.502,9128283H1,100-147,2000000,4000000,BID,100-151,2000000,4000000,OFFER
2023-12-25 00:13:59.502,9128283H1,100-145,1000000,2000000,BID,100-151,1000000,2000000,OFFER
2023-12-25 00:13:59.502,9128283H1,100-14+,2000000,4000000,BID,100-150,2000000,4000000,OFFER
2023-12-25 00:13:59.503,9128283H1,100-143,1000000,2000000,BID,100-147,1000000,2000000,OFFER
2023-12-25 00:13:59.503,9128283H1,100-142,2000000,4000000,BID,100-146,2000000,4000000,OFFER
2023-12-25 00:13:59.503,9128283H1,100-142,1000000,2000000,BID,100-14+,1000000,2000000,OFFER
2023-12-25 00:13:59.503,9128283H1,100-140,2000000,4000000,BID,100-14+,2000000,4000000,OFFER
2023-12-25 00:13:59.503,9128283H1,100-140,1000000,2000000,BID,100-142,1000000,2000000,OFFER
2023-12-25 00:13:59.503,9128283H1,100-137,2000000,4000000,BID,100-141,2000000,4000000,OFFER
2023-12-25 00:13:59.503,9128283H1,100-135,1000000,2000000,BID,100-141,1000000,2000000,OFFER
2023-12-25 00:13:59.503,9128283H1,100-135,2000000,4000000,BID,100-137,2000000,4000000,OFFER
2023-12-25 00:13:59.503,9128283H1,100-133,1000000,2000000,BID,100-137,1000000,2000000,OFFER
2023-12-25 00:13:59.503,9128283H1,100-132,2000000,4000000,BID,100-136,2000000,4000000,OFFER
2023-12-25 00:13:59.503,9128283H1,100-132,1000000,2000000,BID,100-13+,1000000,2000000,OFFER
2023-12-25 00:13:59.504,9128283H1,100-131,2000000,4000000,BID,100-133,2000000,4000000,OFFER
2023-12-25 00:13:59.504,9128283H1,100-130,1000000,2000000,BID,100-132,1000000,2000000,OFFER
2023-12-25 00:13:59.504,9128283H1,100-126,2000000,4000000,BID,100-132,2000000,4000000,OFFER
2023-12-25 00:13:59.504,9128283H1,100-126,1000000,2000000,BID,100-130,1000000,2000000,OFFER
2023-12-25 00:13:59.504,9128283H1,100-125,2000000,4000000,BID,100-127,2000000,4000000,OFFER
2023-12-25 00:13:59.504,9128283H1,100-123,1000000,2000000,BID,100-127,1000000,2000000,OFFER
2023-12-25 00:13:59.504,9128283H1,100-123,2000000,4000000,BID,100-125,2000000,4000000,OFFER
2023-12-25 00:13:59.504,9128283H1,100-121,1000000,2000000,BID,100-125,1000000,2000000,OFFER
2023-12-25 00:13:59.504,9128283H1,100-121,2000000,4000000,BID,100-123,2000000,4000000,OFFER
2023-12-25 00:13:59.504,9128283H1,100-117,1000000,2000000,BID,100-123,1000000,2000000,OFFER
2023-12-25 00:13:59.505,9128283H1,100-117,2000000,4000000,BID,100-121,2000000,4000000,OFFER
2023-12-25 00:13:59.505,9128283H1,100-116,1000000,2000000,BID,100-120,1000000,2000000,OFFER
2023-12-25 00:13:59.505,9128283H1,100-11+,2000000,4000000,BID,100-120,2000000,4000000,OFFER
2023-12-25 00:13:59.505,9128283H1,100-113,1000000,2000000,BID,100-117,1000000,2000000,OFFER
2023-12-25 00:13:59.505,9128283H1,100-113,2000000,4000000,BID,100-115,2000000,4000000,OFFER
2023-12-25 00:13:59.505,9128283H1,100-111,1000000,2000000,BID,100-115,1000000,2000000,OFFER
2023-12-25 00:13:59.505,9128283H1,100-111,2000000,4000000,BID,100-113,2000000,4000000,OFFER
2023-12-25 00:13:59.505,9128283H1,100-110,1000000,2000000,BID,100-112,1000000,2000000,OFFER
2023-12-25 00:13:59.505,9128283H1,100-106,2000000,4000000,BID,100-112,2000000,4000000,OFFER
2023-12-25 00:13:59.505,9128283H1,100-105,1000000,2000000,BID,100-111,1000000,2000000,OFFER
2023-12-25 00:13:59.506,9128283H1,100-105,2000000,4000000,BID,100-107,2000000,4000000,OFFER
2023-12-25 00:13:59.506,9128283H1,100-10+,1000000,2000000,BID,100-106,1000000,2000000,OFFER
2023-12-25 00:13:59.506,9128283H1,100-103,2000000,4000000,BID,100-105,2000000,4000000,OFFER
2023-12-25 00:13:59.506,9128283H1,100-102,1000000,2000000,BID,100-10+,1000000,2000000,OFFER
2023-12-25 00:13:59.506,9128283H1,100-101,2000000,4000000,BID,100-103,2000000,4000000,OFFER
2023-12-25 00:13:59.506,9128283H1,100-097,1000000,2000000,BID,100-103,1000000,2000000,OFFER
2023-12-25 00:13:59.506,9128283H1,100-096,2000000,4000000,BID,100-102,2000000,4000000,OFFER
2023-12-25 00:13:59.507,9128283H1,100-095,1000000,2000000,BID,100-101,1000000,2000000,OFFER
2023-12-25 00:13:59.507,9128283H1,100-095,2000000,4000000,BID,100-097,2000000,4000000,OFFER
2023-12-25 00:13:59.507,9128283H1,100-09+,1000000,2000000,BID,100-096,1000000,2000000,OFFER
2023-12-25 00:13:59.507,9128283H1,100-093,2000000,4000000,BID,100-095,2000000,4000000,OFFER
2023-12-25 00:13:59.507,9128283H1,100-092,1000000,2000000,BID,100-09+,1000000,2000000,OFFER
2023-12-25 00:13:59.507,9128283H1,100-091,2000000,4000000,BID,100-093,2000000,4000000,OFFER
2023-12-25 00:13:59.507,9128283H1,100-090,1000000,2000000,BID,100-092,1000000,2000000,OFFER
2023-12-25 00:13:59.507,9128283H1,100-087,2000000,4000000,BID,100-091,2000000,4000000,OFFER
2023-12-25 00:13:59.508,9128283H1,100-085,1000000,2000000,BID,100-091,1000000,2000000,OFFER
2023-12-25 00:13:59.508,9128283H1,100-08+,2000000,4000000,BID,100-090,2000000,4000000,OFFER
2023-12-25 00:13:59.508,9128283H1,100-083,1000000,2000000,BID,100-087,1000000,2000000,OFFER
2023-12-25 00:13:59.508,9128283H1,100-083,2000000,4000000,BID,100-085,2000000,4000000,OFFER
2023-12-25 00:13:59.508,9128283H1,100-082,1000000,2000000,BID,100-08+,1000000,2000000,OFFER
2023-12-25 00:13:59.508,9128283H1,100-080,2000000,4000000,BID,100-08+,2000000,4000000,OFFER
2023-12-25 00:13:59.508,9128283H1,100-080,1000000,2000000,BID,100-082,1000000,2000000,OFFER
2023-12-25 00:13:59.508,9128283H1,100-077,2000000,4000000,BID,100-081,2000000,4000000,OFFER
2023-12-25 00:13:59.509,9128283H1,100-075,1000000,2000000,BID,100-081,1000000,2000000,OFFER
2023-12-25 00:13:59.509,9128283H1,100-07+,2000000,4000000,BID,100-080,2000000,4000000,OFFER
2023-12-25 00:13:59.509,9128283H1,100-073,1000000,2000000,BID,100-077,1000000,2000000,OFFER
2023-12-25 00:13:59.509,9128283H1,100-073,2000000,4000000,BID,100-075,2000000,4000000,OFFER
2023-12-25 00:13:59.509,9128283H1,100-072,1000000,2000000,BID,100-07+,1000000,2000000,OFFER
2023-12-25 00:13:59.509,9128283H1,100-071,2000000,4000000,BID,100-073,2000000,4000000,OFFER
2023-12-25 00:13:59.509,9128283H1,100-070,1000000,2000000,BID,100-072,1000000,2000000,OFFER
2023-12-25 00:13:59.509,9128283H1,100-066,2000000,4000000,BID,100-072,2000000,4000000,OFFER
2023-12-25 00:13:59.509,9128283H1,100-066,1000000,2000000,BID,100-070,1000000,2000000,OFFER
2023-12-25 00:13:59.509,9128283H1,100-06+,2000000,4000000,BID,100-070,2000000,4000000,OFFER
2023-12-25 00:13:59.510,9128283H1,100-06+,1000000,2000000,BID,100-066,1000000,2000000,OFFER
2023-12-25 00:13:59.510,9128283H1,100-062,2000000,4000000,BID,100-066,2000000,4000000,OFFER
2023-12-25 00:13:59.510,9128283H1,100-062,1000000,2000000,BID,100-06+,1000000,2000000,OFFER
2023-12-25 00:13:59.510,9128283H1,100-060,2000000,4000000,BID,100-06+,2000000,4000000,OFFER
2023-12-25 00:13:59.510,9128283H1,100-060,1000000,2000000,BID,100-062,1000000,2000000,OFFER
2023-12-25 00:13:59.510,9128283H1,100-057,2000000,4000000,BID,100-061,2000000,4000000,OFFER
2023-12-25 00:13:59.510,9128283H1,100-055,1000000,2000000,BID,100-061,1000000,2000000,OFFER
2023-12-25 00:13:59.510,9128283H1,100-05+,2000000,4000000,BID,100-060,2000000,4000000,OFFER
2023-12-25 00:13:59.510,9128283H1,100-053,1000000,2000000,BID,100-057,1000000,2000000,OFFER
2023-12-25 00:13:59.510,9128283H1,100-053,2000000,4000000,BID,100-055,2000000,4000000,OFFER
2023-12-25 00:13:59.510,9128283H1,100-051,1000000,2000000,BID,100-055,1000000,2000000,OFFER
2023-12-25 00:13:59.511,9128283H1,100-050,2000000,4000000,BID,100-05+,2000000,4000000,OFFER
2023-12-25 00:13:59.511,9128283H1,100-050,1000000,2000000,BID,100-052,1000000,2000000,OFFER
2023-12-25 00:13:59.511,9128283H1,100-046,2000000,4000000,BID,100-052,2000000,4000000,OFFER
2023-12-25 00:13:59.511,9128283H1,100-045,1000000,2000000,BID,100-051,1000000,2000000,OFFER
2023-12-25 00:13:59.511,9128283H1,100-045,2000000,4000000,BID,100-047,2000000,4000000,OFFER
2023-12-25 00:13:59.511,9128283H1,100-043,1000000,2000000,BID,100-047,1000000,2000000,OFFER
2023-12-25 00:13:59.511,9128283H1,100-042,2000000,4000000,BID,100-046,2000000,4000000,OFFER
2023-12-25 00:13:59.511,9128283H1,100-042,1000000,2000000,BID,100-04+,1000000,2000000,OFFER
2023-12-25 00:13:59.511,9128283H1,100-041,2000000,4000000,BID,100-043,2000000,4000000,OFFER
2023-12-25 00:13:59.511,9128283H1,100-037,1000000,2000000,BID,100-043,1000000,2000000,OFFER
2023-12-25 00:13:59.512,9128283H1,100-037,2000000,4000000,BID,100-041,2000000,4000000,OFFER
2023-12-25 00:13:59.512,9128283H1,100-036,1000000,2000000,BID,100-040,1000000,2000000,OFFER
2023-12-25 00:13:59.512,9128283H1,100-03+,2000000,4000000,BID,100-040,2000000,4000000,OFFER
2023-12-25 00:13:59.512,9128283H1,100-033,1000000,2000000,BID,100-037,1000000,2000000,OFFER
2023-12-25 00:13:59.512,9128283H1,100-033,2000000,4000000,BID,100-035,2000000,4000000,OFFER
2023-12-25 00:13:59.512,9128283H1,100-031,1000000,2000000,BID,100-035,1000000,2000000,OFFER
2023-12-25 00:13:59.512,9128283H1,100-030,2000000,4000000,BID,100-03+,2000000,4000000,OFFER
2023-12-25 00:13:59.512,9128283H1,100-030,1000000,2000000,BID,100-032,1000000,2000000,OFFER
2023-12-25 00:13:59.512,9128283H1,100-027,2000000,4000000,BID,100-031,2000000,4000000,OFFER
2023-12-25 00:13:59.512,9128283H1,100-026,1000000,2000000,BID,100-030,1000000,2000000,OFFER
2023-12-25 00:13:59.512,9128283H1,100-025,2000000,4000000,BID,100-027,2000000,4000000,OFFER
2023-12-25 00:13:59.513,9128283H1,100-023,1000000,2000000,BID,100-027,1000000,2000000,OFFER
2023-12-25 00:13:59.513,9128283H1,100-022,2000000,4000000,BID,100-026,2000000,4000000,OFFER
2023-12-25 00:13:59.513,9128283H1,100-021,1000000,2000000,BID,100-025,1000000,2000000,OFFER
2023-12-25 00:13:59.513,9128283H1,100-020,2000000,4000000,BID,100-02+,2000000,4000000,OFFER
2023-12-25 00:13:59.513,9128283H1,100-020,1000000,2000000,BID,100-022,1000000,2000000,OFFER
2023-12-25 00:13:59.513,9128283H1,100-016,2000000,4000000,BID,100-022,2000000,4000000,OFFER
2023-12-25 00:13:59.513,9128283H1,100-015,1000000,2000000,BID,100-021,1000000,2000000,OFFER
2023-12-25 00:13:59.513,9128283H1,100-015,2000000,4000000,BID,100-017,2000000,4000000,OFFER
2023-12-25 00:13:59.513,9128283H1,100-01+,1000000,2000000,BID,100-016,1000000,2000000,OFFER
2023-12-25 00:13:59.514,9128283H1,100-012,2000000,4000000,BID,100-016,2000000,4000000,OFFER
2023-12-25 00:13:59.514,9128283H1,100-012,1000000,2000000,BID,100-01+,1000000,2000000,OFFER
2023-12-25 00:13:59.514,9128283H1,100-010,2000000,4000000,BID,100-01+,2000000,4000000,OFFER
2023-12-25 00:13:59.514,9128283H1,100-007,1000000,2000000,BID,100-013,1000000,2000000,OFFER
2023-12-25 00:13:59.514,9128283H1,100-007,2000000,4000000,BID,100-011,2000000,4000000,OFFER
2023-12-25 00:13:59.514,9128283H1,100-005,1000000,2000000,BID,100-011,1000000,2000000,OFFER
2023-12-25 00:13:59.514,9128283H1,100-005,2000000,4000000,BID,100-007,2000000,4000000,OFFER
2023-12-25 00:13:59.514,9128283H1,100-00+,1000000,2000000,BID,100-006,1000000,2000000,OFFER
2023-12-25 00:13:59.514,9128283H1,100-002,2000000,4000000,BID,100-006,2000000,4000000,OFFER
2023-12-25 00:13:59.515,9128283H1,100-001,1000000,2000000,BID,100-005,1000000,2000000,OFFER
2023-12-25 00:13:59.515,9128283H1,100-001,2000000,4000000,BID,100-003,2000000,4000000,OFFER
2023-12-25 00:13:59.515,9128283H1,100-000,1000000,2000000,BID,100-002,1000000,2000000,OFFER
2023-12-25 00:13:59.515,9128283H1,99-316,2000000,4000000,BID,100-002,2000000,4000000,OFFER
2023-12-25 00:13:59.515,9128283H1,99-316,1000000,2000000,BID,100-000,1000000,2000000,OFFER
2023-12-25 00:13:59.515,9128283H1,99-31+,2000000,4000000,BID,100-000,2000000,4000000,OFFER
2023-12-25 00:13:59.515,9128283H1,99-313,1000000,2000000,BID,99-317,1000000,2000000,OFFER
2023-12-25 00:13:59.515,9128283H1,99-312,2000000,4000000,BID,99-316,2000000,4000000,OFFER
2023-12-25 00:13:59.515,9128283H1,99-312,1000000,2000000,BID,99-31+,1000000,2000000,OFFER
2023-12-25 00:13:59.515,9128283H1,99-311,2000000,4000000,BID,99-313,2000000,4000000,OFFER
2023-12-25 00:13:59.515,9128283H1,99-307,1000000,2000000,BID,99-313,1000000,2000000,OFFER
2023-12-25 00:13:59.516,9128283H1,99-307,2000000,4000000,BID,99-311,2000000,4000000,OFFER
2023-12-25 00:13:59.516,9128283H1,99-306,1000000,2000000,BID,99-310,1000000,2000000,OFFER
2023-12-25 00:13:59.516,9128283H1,99-305,2000000,4000000,BID,99-307,2000000,4000000,OFFER
2023-12-25 00:13:59.516,9128283H1,99-30+,1000000,2000000,BID,99-306,1000000,2000000,OFFER
2023-12-25 00:13:59.516,9128283H1,99-303,2000000,4000000,BID,99-305,2000000,4000000,OFFER
2023-12-25 00:13:59.516,9128283H1,99-301,1000000,2000000,BID,99-305,1000000,2000000,OFFER
2023-12-25 00:13:59.516,9128283H1,99-300,2000000,4000000,BID,99-30+,2000000,4000000,OFFER
2023-12-25 00:13:59.516,9128283H1,99-297,1000000,2000000,BID,99-303,1000000,2000000,OFFER
2023-12-25 00:13:59.516,9128283H1,99-296,2000000,4000000,BID,99-302,2000000,4000000,OFFER
2023-12-25 00:13:59.516,9128283H1,99-295,1000000,2000000,BID,99-301,1000000,2000000,OFFER
2023-12-25 00:13:59.516,9128283H1,99-29+,2000000,4000000,BID,99-300,2000000,4000000,OFFER
2023-12-25 00:13:59.517,9128283H1,99-29+,1000000,2000000,BID,99-296,1000000,2000000,OFFER
2023-12-25 00:13:59.517,9128283H1,99-292,2000000,4000000,BID,99-296,2000000,4000000,OFFER
2023-12-25 00:13:59.517,9128283H1,99-291,1000000,2000000,BID,99-295,1000000,2000000,OFFER
2023-12-25 00:13:59.517,9128283H1,99-290,2000000,4000000,BID,99-29+,2000000,4000000,OFFER
2023-12-25 00:13:59.517,9128283H1,99-290,1000000,2000000,BID,99-292,1000000,2000000,OFFER
2023-12-25 00:13:59.517,9128283H1,99-287,2000000,4000000,BID,99-291,2000000,4000000,OFFER
2023-12-25 00:13:59.517,9128283H1,99-286,1000000,2000000,BID,99-290,1000000,2000000,OFFER
2023-12-25 00:13:59.517,9128283H1,99-285,2000000,4000000,BID,99-287,2000000,4000000,OFFER
2023-12-25 00:13:59.517,9128283H1,99-28+,1000000,2000000,BID,99-286,1000000,2000000,OFFER
2023-12-25 00:13:59.517,9128283H1,99-283,2000000,4000000,BID,99-285,2000000,4000000,OFFER
2023-12-25 00:13:59.518,9128283H1,99-281,1000000,2000000,BID,99-285,1000000,2000000,OFFER
2023-12-25 00:13:59.518,9128283H1,99-281,2000000,4000000,BID,99-283,2000000,4000000,OFFER
2023-12-25 00:13:59.518,9128283H1,99-280,1000000,2000000,BID,99-282,1000000,2000000,OFFER
2023-12-25 00:13:59.518,9128283H1,99-276,2000000,4000000,BID,99-282,2000000,4000000,OFFER
2023-12-25 00:13:59.518,9128283H1,99-276,1000000,2000000,BID,99-280,1000000,2000000,OFFER
2023-12-25 00:13:59.518,9128283H1,99-275,2000000,4000000,BID,99-277,2000000,4000000,OFFER
2023-12-25 00:13:59.518,9128283H1,99-273,1000000,2000000,BID,99-277,1000000,2000000,OFFER
2023-12-25 00:13:59.518,9128283H1,99-273,2000000,4000000,BID,99-275,2000000,4000000,OFFER
2023-12-25 00:13:59.518,9128283H1,99-271,1000000,2000000,BID,99-275,1000000,2000000,OFFER
2023-12-25 00:13:59.518,9128283H1,99-271,2000000,4000000,BID,99-273,2000000,4000000,OFFER
2023-12-25 00:13:59.518,9128283H1,99-267,1000000,2000000,BID,99-273,1000000,2000000,OFFER
2023-12-25 00:13:59.519,9128283H1,99-267,2000000,4000000,BID,99-271,2000000,4000000,OFFER
2023-12-25 00:13:59.519,9128283H1,99-266,1000000,2000000,BID,99-270,1000000,2000000,OFFER
2023-12-25 00:13:59.519,9128283H1,99-265,2000000,4000000,BID,99-267,2000000,4000000,OFFER
2023-12-25 00:13:59.519,9128283H1,99-26+,1000000,2000000,BID,99-266,1000000,2000000,OFFER
2023-12-25 00:13:59.519,9128283H1,99-262,2000000,4000000,BID,99-266,2000000,4000000,OFFER
2023-12-25 00:13:59.519,9128283H1,99-261,1000000,2000000,BID,99-265,1000000,2000000,OFFER
2023-12-25 00:13:59.519,9128283H1,99-260,2000000,4000000,BID,99-26+,2000000,4000000,OFFER
2023-12-25 00:13:59.519,9128283H1,99-260,1000000,2000000,BID,99-262,1000000,2000000,OFFER
2023-12-25 00:13:59.519,9128283H1,99-257,2000000,4000000,BID,99-261,2000000,4000000,OFFER
2023-12-25 00:13:59.519,9128283H1,99-256,1000000,2000000,BID,99-260,1000000,2000000,OFFER
2023-12-25 00:13:59.519,9128283H1,99-255,2000000,4000000,BID,99-257,2000000,4000000,OFFER
2023-12-25 00:13:59.520,9128283H1,99-25+,1000000,2000000,BID,99-256,1000000,2000000,OFFER
2023-12-25 00:13:59.520,9128283H1,99-253,2000000,4000000,BID,99-255,2000000,4000000,OFFER
2023-12-25 00:13:59.520,9128283H1,99-251,1000000,2000000,BID,99-255,1000000,2000000,OFFER
2023-12-25 00:13:59.520,9128283H1,99-251,2000000,4000000,BID,99-253,2000000,4000000,OFFER
2023-12-25 00:13:59.520,9128283H1,99-250,1000000,2000000,BID,99-252,1000000,2000000,OFFER
2023-12-25 00:13:59.520,9128283H1,99-247,2000000,4000000,BID,99-251,2000000,4000000,OFFER
2023-12-25 00:13:59.520,9128283H1,99-245,1000000,2000000,BID,99-251,1000000,2000000,OFFER
2023-12-25 00:13:59.520,9128283H1,99-245,2000000,4000000,BID,99-247,2000000,4000000,OFFER
2023-12-25 00:13:59.521,9128283H1,99-243,1000000,2000000,BID,99-247,1000000,2000000,OFFER
2023-12-25 00:13:59.521,9128283H1,99-243,2000000,4000000,BID,99-245,2000000,4000000,OFFER
2023-12-25 00:13:59.521,9128283H1,99-241,1000000,2000000,BID,99-245,1000000,2000000,OFFER
2023-12-25 00:13:59.521,9128283H1,99-241,2000000,4000000,BID,99-243,2000000,4000000,OFFER
2023-12-25 00:13:59.521,9128283H1,99-237,1000000,2000000,BID,99-243,1000000,2000000,OFFER
2023-12-25 00:13:59.521,9128283H1,99-237,2000000,4000000,BID,99-241,2000000,4000000,OFFER
2023-12-25 00:13:59.521,9128283H1,99-236,1000000,2000000,BID,99-240,1000000,2000000,OFFER
2023-12-25 00:13:59.521,9128283H1,99-23+,2000000,4000000,BID,99-240,2000000,4000000,OFFER
2023-12-25 00:13:59.521,9128283H1,99-233,1000000,2000000,BID,99-237,1000000,2000000,OFFER
2023-12-25 00:13:59.521,9128283H1,99-232,2000000,4000000,BID,99-236,2000000,4000000,OFFER
2023-12-25 00:13:59.522,9128283H1,99-232,1000000,2000000,BID,99-23+,1000000,2000000,OFFER
2023-12-25 00:13:59.522,9128283H1,99-231,2000000,4000000,BID,99-233,2000000,4000000,OFFER
2023-12-25 00:13:59.522,9128283H1,99-230,1000000,2000000,BID,99-232,1000000,2000000,OFFER
2023-12-25 00:13:59.522,9128283H1,99-227,2000000,4000000,BID,99-231,2000000,4000000,OFFER
2023-12-25 00:13:59.522,9128283H1,99-226,1000000,2000000,BID,99-230,1000000,2000000,OFFER
2023-12-25 00:13:59.522,9128283H1,99-225,2000000,4000000,BID,99-227,2000000,4000000,OFFER
2023-12-25 00:13:59.522,9128283H1,99-22+,1000000,2000000,BID,99-226,1000000,2000000,OFFER
2023-12-25 00:13:59.522,9128283H1,99-223,2000000,4000000,BID,99-225,2000000,4000000,OFFER
2023-12-25 00:13:59.522,9128283H1,99-222,1000000,2000000,BID,99-22+,1000000,2000000,OFFER
2023-12-25 00:13:59.523,9128283H1,99-220,2000000,4000000,BID,99-22+,2000000,4000000,OFFER
2023-12-25 00:13:59.523,9128283H1,99-220,1000000,2000000,BID,99-222,1000000,2000000,OFFER
2023-12-25 00:13:59.523,9128283H1,99-217,2000000,4000000,BID,99-221,2000000,4000000,OFFER
2023-12-25 00:13:59.523,9128283H1,99-216,1000000,2000000,BID,99-220,1000000,2000000,OFFER
2023-12-25 00:13:59.523,9128283H1,99-21+,2000000,4000000,BID,99-220,2000000,4000000,OFFER
2023-12-25 00:13:59.523,9128283H1,99-213,1000000,2000000,BID,99-217,1000000,2000000,OFFER
2023-12-25 00:13:59.523,9128283H1,99-213,2000000,4000000,BID,99-215,2000000,4000000,OFFER
2023-12-25 00:13:59.523,9128283H1,99-211,1000000,2000000,BID,99-215,1000000,2000000,OFFER
2023-12-25 00:13:59.523,9128283H1,99-211,2000000,4000000,BID,99-213,2000000,4000000,OFFER
2023-12-25 00:13:59.524,9128283H1,99-210,1000000,2000000,BID,99-212,1000000,2000000,OFFER
2023-12-25 00:13:59.524,9128283H1,99-207,2000000,4000000,BID,99-211,2000000,4000000,OFFER
2023-12-25 00:13:59.524,9128283H1,99-206,1000000,2000000,BID,99-210,1000000,2000000,OFFER
2023-12-25 00:13:59.524,9128283H1,99-205,2000000,4000000,BID,99-207,2000000,4000000,OFFER
2023-12-25 00:13:59.524,9128283H1,99-203,1000000,2000000,BID,99-207,1000000,2000000,OFFER
2023-12-25 00:13:59.524,9128283H1,99-203,2000000,4000000,BID,99-205,2000000,4000000,OFFER
2023-12-25 00:13:59.524,9128283H1,99-202,1000000,2000000,BID,99-20+,1000000,2000000,OFFER
2023-12-25 00:13:59.524,9128283H1,99-200,2000000,4000000,BID,99-20+,2000000,4000000,OFFER
2023-12-25 00:13:59.524,9128283H1,99-197,1000000,2000000,BID,99-203,1000000,2000000,OFFER
2023-12-25 00:13:59.524,9128283H1,99-196,2000000,4000000,BID,99-202,2000000,4000000,OFFER
2023-12-25 00:13:59.525,9128283H1,99-196,1000000,2000000,BID,99-200,1000000,2000000,OFFER
2023-12-25 00:13:59.525,9128283H1,99-195,2000000,4000000,BID,99-197,2000000,4000000,OFFER
2023-12-25 00:13:59.525,9128283H1,99-19+,1000000,2000000,BID,99-196,1000000,2000000,OFFER
2023-12-25 00:13:59.525,9128283H1,99-193,2000000,4000000,BID,99-195,2000000,4000000,OFFER
2023-12-25 00:13:59.525,9128283H1,99-192,1000000,2000000,BID,99-19+,1000000,2000000,OFFER
2023-12-25 00:13:59.525,9128283H1,99-191,2000000,4000000,BID,99-193,2000000,4000000,OFFER
2023-12-25 00:13:59.525,9128283H1,99-187,1000000,2000000,BID,99-193,1000000,2000000,OFFER
2023-12-25 00:13:59.525,9128283H1,99-186,2000000,4000000,BID,99-192,2000000,4000000,OFFER
2023-12-25 00:13:59.525,9128283H1,99-186,1000000,2000000,BID,99-190,1000000,2000000,OFFER
2023-12-25 00:13:59.525,9128283H1,99-18+,2000000,4000000,BID,99-190,2000000,4000000,OFFER
2023-12-25 00:13:59.526,9128283H1,99-18+,1000000,2000000,BID,99-186,1000000,2000000,OFFER
2023-12-25 00:13:59.526,9128283H1,99-183,2000000,4000000,BID,99-185,2000000,4000000,OFFER
2023-12-25 00:13:59.526,9128283H1,99-181,1000000,2000000,BID,99-185,1000000,2000000,OFFER
2023-12-25 00:13:59.526,9128283H1,99-180,2000000,4000000,BID,99-18+,2000000,4000000,OFFER
2023-12-25 00:13:59.526,9128283H1,99-177,1000000,2000000,BID,99-183,1000000,2000000,OFFER
2023-12-25 00:13:59.526,9128283H1,99-176,2000000,4000000,BID,99-182,2000000,4000000,OFFER
2023-12-25 00:13:59.526,9128283H1,99-176,1000000,2000000,BID,99-180,1000000,2000000,OFFER
2023-12-25 00:13:59.526,9128283H1,99-175,2000000,4000000,BID,99-177,2000000,4000000,OFFER
2023-12-25 00:13:59.526,9128283H1,99-17+,1000000,2000000,BID,99-176,1000000,2000000,OFFER
2023-12-25 00:13:59.527,9128283H1,99-172,2000000,4000000,BID,99-176,2000000,4000000,OFFER
2023-12-25 00:13:59.527,9128283H1,99-172,1000000,2000000,BID,99-17+,1000000,2000000,OFFER
2023-12-25 00:13:59.527,9128283H1,99-171,2000000,4000000,BID,99-173,2000000,4000000,OFFER
2023-12-25 00:13:59.527,9128283H1,99-167,1000000,2000000,BID,99-173,1000000,2000000,OFFER
2023-12-25 00:13:59.527,9128283H1,99-166,2000000,4000000,BID,99-172,2000000,4000000,OFFER
2023-12-25 00:13:59.527,9128283H1,99-166,1000000,2000000,BID,99-170,1000000,2000000,OFFER
2023-12-25 00:13:59.527,9128283H1,99-16+,2000000,4000000,BID,99-170,2000000,4000000,OFFER
2023-12-25 00:13:59.527,9128283H1,99-163,1000000,2000000,BID,99-167,1000000,2000000,OFFER
2023-12-25 00:13:59.527,9128283H1,99-163,2000000,4000000,BID,99-165,2000000,4000000,OFFER
2023-12-25 00:13:59.527,9128283H1,99-161,1000000,2000000,BID,99-165,1000000,2000000,OFFER
2023-12-25 00:13:59.528,9128283H1,99-161,2000000,4000000,BID,99-163,2000000,4000000,OFFER
2023-12-25 00:13:59.528,9128283H1,99-157,1000000,2000000,BID,99-163,1000000,2000000,OFFER
2023-12-25 00:13:59.528,9128283H1,99-157,2000000,4000000,BID,99-161,2000000,4000000,OFFER
2023-12-25 00:13:59.528,9128283H1,99-155,1000000,2000000,BID,99-161,1000000,2000000,OFFER
2023-12-25 00:13:59.528,9128283H1,99-15+,2000000,4000000,BID,99-160,2000000,4000000,OFFER
2023-12-25 00:13:59.528,9128283H1,99-153,1000000,2000000,BID,99-157,1000000,2000000,OFFER
2023-12-25 00:13:59.528,9128283H1,99-152,2000000,4000000,BID,99-156,2000000,4000000,OFFER
2023-12-25 00:13:59.528,9128283H1,99-151,1000000,2000000,BID,99-155,1000000,2000000,OFFER
2023-12-25 00:13:59.528,9128283H1,99-151,2000000,4000000,BID,99-153,2000000,4000000,OFFER
2023-12-25 00:13:59.528,9128283H1,99-147,1000000,2000000,BID,99-153,1000000,2000000,OFFER
2023-12-25 00:13:59.529,9128283H1,99-147,2000000,4000000,BID,99-151,2000000,4000000,OFFER
2023-12-25 00:13:59.529,9128283H1,99-146,1000000,2000000,BID,99-150,1000000,2000000,OFFER
2023-12-25 00:13:59.529,9128283H1,99-145,2000000,4000000,BID,99-147,2000000,4000000,OFFER
2023-12-25 00:13:59.529,9128283H1,99-143,1000000,2000000,BID,99-147,1000000,2000000,OFFER
2023-12-25 00:13:59.529,9128283H1,99-142,2000000,4000000,BID,99-146,2000000,4000000,OFFER
2023-12-25 00:13:59.529,9128283H1,99-141,1000000,2000000,BID,99-145,1000000,2000000,OFFER
2023-12-25 00:13:59.529,9128283H1,99-140,2000000,4000000,BID,99-14+,2000000,4000000,OFFER
2023-12-25 00:13:59.529,9128283H1,99-137,1000000,2000000,BID,99-143,1000000,2000000,OFFER
2023-12-25 00:13:59.529,9128283H1,99-137,2000000,4000000,BID,99-141,2000000,4000000,OFFER
2023-12-25 00:13:59.529,9128283H1,99-136,1000000,2000000,BID,99-140,1000000,2000000,OFFER
2023-12-25 00:13:59.529,9128283H1,99-13+,2000000,4000000,BID,99-140,2000000,4000000,OFFER
2023-12-25 00:13:59.530,9128283H1,99-13+,1000000,2000000,BID,99-136,1000000,2000000,OFFER
2023-12-25 00:13:59.530,9128283H1,99-132,2000000,4000000,BID,99-136,2000000,4000000,OFFER
2023-12-25 00:13:59.530,9128283H1,99-131,1000000,2000000,BID,99-135,1000000,2000000,OFFER
2023-12-25 00:13:59.530,9128283H1,99-130,2000000,4000000,BID,99-13+,2000000,4000000,OFFER
2023-12-25 00:13:59.530,9128283H1,99-127,1000000,2000000,BID,99-133,1000000,2000000,OFFER
2023-12-25 00:13:59.530,9128283H1,99-127,2000000,4000000,BID,99-131,2000000,4000000,OFFER
2023-12-25 00:13:59.530,9128283H1,99-125,1000000,2000000,BID,99-131,1000000,2000000,OFFER
2023-12-25 00:13:59.530,9128283H1,99-12+,2000000,4000000,BID,99-130,2000000,4000000,OFFER
2023-12-25 00:13:59.531,9128283H1,99-123,1000000,2000000,BID,99-127,1000000,2000000,OFFER
2023-12-25 00:13:59.531,9128283H1,99-123,2000000,4000000,BID,99-125,2000000,4000000,OFFER
2023-12-25 00:13:59.531,9128283H1,99-121,1000000,2000000,BID,99-125,1000000,2000000,OFFER
2023-12-25 00:13:59.531,9128283H1,99-121,2000000,4000000,BID,99-123,2000000,4000000,OFFER
2023-12-25 00:13:59.531,9128283H1,99-117,1000000,2000000,BID,99-123,1000000,2000000,OFFER
2023-12-25 00:13:59.531,9128283H1,99-117,2000000,4000000,BID,99-121,2000000,4000000,OFFER
2023-12-25 00:13:59.532,9128283H1,99-116,1000000,2000000,BID,99-120,1000000,2000000,OFFER
2023-12-25 00:13:59.532,9128283H1,99-115,2000000,4000000,BID,99-117,2000000,4000000,OFFER
2023-12-25 00:13:59.532,9128283H1,99-113,1000000,2000000,BID,99-117,1000000,2000000,OFFER
2023-12-25 00:13:59.532,9128283H1,99-113,2000000,4000000,BID,99-115,2000000,4000000,OFFER
2023-12-25 00:13:59.532,9128283H1,99-112,1000000,2000000,BID,99-11+,1000000,2000000,OFFER
2023-12-25 00:13:59.532,9128283H1,99-111,2000000,4000000,BID,99-113,2000000,4000000,OFFER
2023-12-25 00:13:59.532,9128283H1,99-110,1000000,2000000,BID,99-112,1000000,2000000,OFFER
2023-12-25 00:13:59.533,9128283H1,99-106,2000000,4000000,BID,99-112,2000000,4000000,OFFER
2023-12-25 00:13:59.533,9128283H1,99-105,1000000,2000000,BID,99-111,1000000,2000000,OFFER
2023-12-25 00:13:59.533,9128283H1,99-10+,2000000,4000000,BID,99-110,2000000,4000000,OFFER
2023-12-25 00:13:59.533,9128283H1,99-103,1000000,2000000,BID,99-107,1000000,2000000,OFFER
2023-12-25 00:13:59.533,9128283H1,99-103,2000000,4000000,BID,99-105,2000000,4000000,OFFER
2023-12-25 00:13:59.533,9128283H1,99-102,1000000,2000000,BID,99-10+,1000000,2000000,OFFER
2023-12-25 00:13:59.534,9128283H1,99-101,2000000,4000000,BID,99-103,2000000,4000000,OFFER
2023-12-25 00:13:59.534,9128283H1,99-097,1000000,2000000,BID,99-103,1000000,2000000,OFFER
2023-12-25 00:13:59.534,9128283H1,99-097,2000000,4000000,BID,99-101,2000000,4000000,OFFER
2023-12-25 00:13:59.534,9128283H1,99-096,1000000,2000000,BID,99-100,1000000,2000000,OFFER
2023-12-25 00:13:59.534,9128283H1,99-09+,2000000,4000000,BID,99-100,2000000,4000000,OFFER
2023-12-25 00:13:59.534,9128283H1,99-093,1000000,2000000,BID,99-097,1000000,2000000,OFFER
2023-12-25 00:13:59.534,9128283H1,99-092,2000000,4000000,BID,99-096,2000000,4000000,OFFER
2023-12-25 00:13:59.534,9128283H1,99-092,1000000,2000000,BID,99-09+,1000000,2000000,OFFER
2023-12-25 00:13:59.535,9128283H1,99-090,2000000,4000000,BID,99-09+,2000000,4000000,OFFER
2023-12-25 00:13:59.535,9128283H1,99-090,1000000,2000000,BID,99-092,1000000,2000000,OFFER
2023-12-25 00:13:59.535,9128283H1,99-087,2000000,4000000,BID,99-091,2000000,4000000,OFFER
2023-12-25 00:13:59.535,9128283H1,99-086,1000000,2000000,BID,99-090,1000000,2000000,OFFER
2023-12-25 00:13:59.535,9128283H1,99-085,2000000,4000000,BID,99-087,2000000,4000000,OFFER
2023-12-25 00:13:59.535,9128283H1,99-08+,1000000,2000000,BID,99-086,1000000,2000000,OFFER
2023-12-25 00:13:59.535,9128283H1,99-083,2000000,4000000,BID,99-085,2000000,4000000,OFFER
2023-12-25 00:13:59.535,9128283H1,99-081,1000000,2000000,BID,99-085,1000000,2000000,OFFER
2023-12-25 00:13:59.535,9128283H1,99-081,2000000,4000000,BID,99-083,2000000,4000000,OFFER
2023-12-25 00:13:59.535,9128283H1,99-077,1000000,2000000,BID,99-083,1000000,2000000,OFFER
2023-12-25 00:13:59.536,9128283H1,99-077,2000000,4000000,BID,99-081,2000000,4000000,OFFER
2023-12-25 00:13:59.536,9128283H1,99-076,1000000,2000000,BID,99-080,1000000,2000000,OFFER
2023-12-25 00:13:59.536,9128283H1,99-075,2000000,4000000,BID,99-077,2000000,4000000,OFFER
2023-12-25 00:13:59.536,9128283H1,99-073,1000000,2000000,BID,99-077,1000000,2000000,OFFER
2023-12-25 00:13:59.536,9128283H1,99-073,2000000,4000000,BID,99-075,2000000,4000000,OFFER
2023-12-25 00:13:59.536,9128283H1,99-071,1000000,2000000,BID,99-075,1000000,2000000,OFFER
2023-12-25 00:13:59.536,9128283H1,99-070,2000000,4000000,BID,99-07+,2000000,4000000,OFFER
2023-12-25 00:13:59.536,9128283H1,99-067,1000000,2000000,BID,99-073,1000000,2000000,OFFER
2023-12-25 00:13:59.536,9128283H1,99-067,2000000,4000000,BID,99-071,2000000,4000000,OFFER
2023-12-25 00:13:59.537,9128283H1,99-065,1000000,2000000,BID,99-071,1000000,2000000,OFFER
2023-12-25 00:13:59.537,9128283H1,99-06+,2000000,4000000,BID,99-070,2000000,4000000,OFFER
2023-12-25 00:13:59.537,9128283H1,99-06+,1000000,2000000,BID,99-066,1000000,2000000,OFFER
2023-12-25 00:13:59.537,9128283H1,99-062,2000000,4000000,BID,99-066,2000000,4000000,OFFER
2023-12-25 00:13:59.537,9128283H1,99-061,1000000,2000000,BID,99-065,1000000,2000000,OFFER
2023-12-25 00:13:59.537,9128283H1,99-060,2000000,4000000,BID,99-06+,2000000,4000000,OFFER
2023-12-25 00:13:59.537,9128283H1,99-060,1000000,2000000,BID,99-062,1000000,2000000,OFFER
2023-12-25 00:13:59.537,9128283H1,99-057,2000000,4000000,BID,99-061,2000000,4000000,OFFER
2023-12-25 00:13:59.537,9128283H1,99-056,1000000,2000000,BID,99-060,1000000,2000000,OFFER
2023-12-25 00:13:59.537,9128283H1,99-05+,2000000,4000000,BID,99-060,2000000,4000000,OFFER
2023-12-25 00:13:59.537,9128283H1,99-053,1000000,2000000,BID,99-057,1000000,2000000,OFFER
2023-12-25 00:13:59.538,9128283H1,99-052,2000000,4000000,BID,99-056,2000000,4000000,OFFER
2023-12-25 00:13:59.538,9128283H1,99-051,1000000,2000000,BID,99-055,1000000,2000000,OFFER
2023-12-25 00:13:59.538,9128283H1,99-050,2000000,4000000,BID,99-05+,2000000,4000000,OFFER
2023-12-25 00:13:59.538,9128283H1,99-050,1000000,2000000,BID,99-052,1000000,2000000,OFFER
2023-12-25 00:13:59.538,9128283H1,99-046,2000000,4000000,BID,99-052,2000000,4000000,OFFER
2023-12-25 00:13:59.538,9128283H1,99-046,1000000,2000000,BID,99-050,1000000,2000000,OFFER
2023-12-25 00:13:59.538,9128283H1,99-045,2000000,4000000,BID,99-047,2000000,4000000,OFFER
2023-12-25 00:13:59.538,9128283H1,99-043,1000000,2000000,BID,99-047,1000000,2000000,OFFER
2023-12-25 00:13:59.538,9128283H1,99-042,2000000,4000000,BID,99-046,2000000,4000000,OFFER
2023-12-25 00:13:59.539,9128283H1,99-042,1000000,2000000,BID,99-04+,1000000,2000000,OFFER
2023-12-25 00:13:59.539,9128283H1,99-041,2000000,4000000,BID,99-043,2000000,4000000,OFFER
2023-12-25 00:13:59.539,9128283H1,99-037,1000000,2000000,BID,99-043,1000000,2000000,OFFER
2023-12-25 00:13:59.539,9128283H1,99-037,2000000,4000000,BID,99-041,2000000,4000000,OFFER
2023-12-25 00:13:59.539,9128283H1,99-036,1000000,2000000,BID,99-040,1000000,2000000,OFFER
2023-12-25 00:13:59.539,9128283H1,99-03+,2000000,4000000,BID,99-040,2000000,4000000,OFFER
2023-12-25 00:13:59.539,9128283H1,99-033,1000000,2000000,BID,99-037,1000000,2000000,OFFER
2023-12-25 00:13:59.539,9128283H1,99-033,2000000,4000000,BID,99-035,2000000,4000000,OFFER
2023-12-25 00:13:59.539,9128283H1,99-031,1000000,2000000,BID,99-035,1000000,2000000,OFFER
2023-12-25 00:13:59.539,9128283H1,99-031,2000000,4000000,BID,99-033,2000000,4000000,OFFER
2023-12-25 00:13:59.540,9128283H1,99-027,1000000,2000000,BID,99-033,1000000,2000000,OFFER
2023-12-25 00:13:59.540,9128283H1,99-026,2000000,4000000,BID,99-032,2000000,4000000,OFFER
2023-12-25 00:13:59.540,9128283H1,99-026,1000000,2000000,BID,99-030,1000000,2000000,OFFER
2023-12-25 00:13:59.540,9128283H1,99-025,2000000,4000000,BID,99-027,2000000,4000000,OFFER
2023-12-25 00:13:59.540,9128283H1,99-023,1000000,2000000,BID,99-027,1000000,2000000,OFFER
2023-12-25 00:13:59.540,9128283H1,99-023,2000000,4000000,BID,99-025,2000000,4000000,OFFER
2023-12-25 00:13:59.540,9128283H1,99-022,1000000,2000000,BID,99-02+,1000000,2000000,OFFER
2023-12-25 00:13:59.540,9128283H1,99-021,2000000,4000000,BID,99-023,2000000,4000000,OFFER
2023-12-25 00:13:59.541,9128283H1,99-017,1000000,2000000,BID,99-023,1000000,2000000,OFFER
2023-12-25 00:13:59.541,9128283H1,99-016,2000000,4000000,BID,99-022,2000000,4000000,OFFER
2023-12-25 00:13:59.541,9128283H1,99-015,1000000,2000000,BID,99-021,1000000,2000000,OFFER
2023-12-25 00:13:59.541,9128283H1,99-01+,2000000,4000000,BID,99-020,2000000,4000000,OFFER
2023-12-25 00:13:59.541,9128283H1,99-013,1000000,2000000,BID,99-017,1000000,2000000,OFFER
2023-12-25 00:13:59.541,9128283H1,99-012,2000000,4000000,BID,99-016,2000000,4000000,OFFER
2023-12-25 00:13:59.541,9128283H1,99-011,1000000,2000000,BID,99-015,1000000,2000000,OFFER
2023-12-25 00:13:59.541,9128283H1,99-011,2000000,4000000,BID,99-013,2000000,4000000,OFFER
2023-12-25 00:13:59.541,9128283H1,99-010,1000000,2000000,BID,99-012,1000000,2000000,OFFER
2023-12-25 00:13:59.542,9128283H1,99-007,2000000,4000000,BID,99-011,2000000,4000000,OFFER
2023-12-25 00:13:59.542,9128283H1,99-006,1000000,2000000,BID,99-010,1000000,2000000,OFFER
2023-12-25 00:13:59.542,9128283H1,99-00+,2000000,4000000,BID,99-010,2000000,4000000,OFFER
2023-12-25 00:13:59.542,9128283H1,99-00+,1000000,2000000,BID,99-006,1000000,2000000,OFFER
2023-12-25 00:13:59.542,9128283H1,99-002,2000000,4000000,BID,99-006,2000000,4000000,OFFER
2023-12-25 00:13:59.542,9128283H1,99-002,1000000,2000000,BID,99-00+,1000000,2000000,OFFER
2023-12-25 00:13:59.542,9128283H1,99-001,2000000,4000000,BID,99-003,2000000,4000000,OFFER
2023-12-25 00:13:59.542,9128283H1,99-000,1000000,2000000,BID,99-002,1000000,2000000,OFFER
2023-12-25 00:13:59.542,9128283H1,98-317,2000000,4000000,BID,99-001,2000000,4000000,OFFER
2023-12-25 00:13:59.542,9128283H1,98-315,1000000,2000000,BID,99-001,1000000,2000000,OFFER
2023-12-25 00:13:59.542,9128283H1,98-316,2000000,4000000,BID,99-002,2000000,4000000,OFFER
2023-12-25 00:13:59.543,9128283H1,98-317,1000000,2000000,BID,99-003,1000000,2000000,OFFER
2023-12-25 00:13:59.543,9128283H1,99-000,2000000,4000000,BID,99-00+,2000000,4000000,OFFER
2023-12-25 00:13:59.543,9128283H1,99-001,1000000,2000000,BID,99-005,1000000,2000000,OFFER
2023-12-25 00:13:59.543,9128283H1,99-003,2000000,4000000,BID,99-005,2000000,4000000,OFFER
2023-12-25 00:13:59.543,9128283H1,99-00+,1000000,2000000,BID,99-006,1000000,2000000,OFFER
2023-12-25 00:13:59.543,9128283H1,99-00+,2000000,4000000,BID,99-010,2000000,4000000,OFFER
2023-12-25 00:13:59.543,9128283H1,99-006,1000000,2000000,BID,99-010,1000000,2000000,OFFER
2023-12-25 00:13:59.543,9128283H1,99-007,2000000,4000000,BID,99-011,2000000,4000000,OFFER
2023-12-25 00:13:59.543,9128283H1,99-007,1000000,2000000,BID,99-013,1000000,2000000,OFFER
2023-12-25 00:13:59.543,9128283H1,99-010,2000000,4000000,BID,99-01+,2000000,4000000,OFFER
2023-12-25 00:13:59.543,9128283H1,99-012,1000000,2000000,BID,99-01+,1000000,2000000,OFFER
2023-12-25 00:13:59.544,9128283H1,99-012,2000000,4000000,BID,99-016,2000000,4000000,OFFER
2023-12-25 00:13:59.544,9128283H1,99-013,1000000,2000000,BID,99-017,1000000,2000000,OFFER
2023-12-25 00:13:59.544,9128283H1,99-015,2000000,4000000,BID,99-017,2000000,4000000,OFFER
2023-12-25 00:13:59.544,9128283H1,99-016,1000000,2000000,BID,99-020,1000000,2000000,OFFER
2023-12-25 00:13:59.544,9128283H1,99-017,2000000,4000000,BID,99-021,2000000,4000000,OFFER
2023-12-25 00:13:59.544,9128283H1,99-017,1000000,2000000,BID,99-023,1000000,2000000,OFFER
2023-12-25 00:13:59.544,9128283H1,99-020,2000000,4000000,BID,99-02+,2000000,4000000,OFFER
2023-12-25 00:13:59.544,9128283H1,99-022,1000000,2000000,BID,99-02+,1000000,2000000,OFFER
2023-12-25 00:13:59.544,9128283H1,99-023,2000000,4000000,BID,99-025,2000000,4000000,OFFER
2023-12-25 00:13:59.544,9128283H1,99-02+,1000000,2000000,BID,99-026,1000000,2000000,OFFER
2023-12-25 00:13:59.544,9128283H1,99-02+,2000000,4000000,BID,99-030,2000000,4000000,OFFER
2023-12-25 00:13:59.545,9128283H1,99-025,1000000,2000000,BID,99-031,1000000,2000000,OFFER
2023-12-25 00:13:59.545,9128283H1,99-026,2000000,4000000,BID,99-032,2000000,4000000,OFFER
2023-12-25 00:13:59.545,9128283H1,99-027,1000000,2000000,BID,99-033,1000000,2000000,OFFER
2023-12-25 00:13:59.545,9128283H1,99-030,2000000,4000000,BID,99-03+,2000000,4000000,OFFER
2023-12-25 00:13:59.545,9128283H1,99-031,1000000,2000000,BID,99-035,1000000,2000000,OFFER
2023-12-25 00:13:59.545,9128283H1,99-033,2000000,4000000,BID,99-035,2000000,4000000,OFFER
2023-12-25 00:13:59.545,9128283H1,99-03+,1000000,2000000,BID,99-036,1000000,2000000,OFFER
2023-12-25 00:13:59.545,9128283H1,99-03+,2000000,4000000,BID,99-040,2000000,4000000,OFFER
2023-12-25 00:13:59.545,9128283H1,99-035,1000000,2000000,BID,99-041,1000000,2000000,OFFER
2023-12-25 00:13:59.545,9128283H1,99-037,2000000,4000000,BID,99-041,2000000,4000000,OFFER
2023-12-25 00:13:59.546,9128283H1,99-037,1000000,2000000,BID,99-043,1000000,2000000,OFFER
2023-12-25 00:13:59.546,9128283H1,99-040,2000000,4000000,BID,99-04+,2000000,4000000,OFFER
2023-12-25 00:13:59.546,9128283H1,99-041,1000000,2000000,BID,99-045,1000000,2000000,OFFER
2023-12-25 00:13:59.546,9128283H1,99-042,2000000,4000000,BID,99-046,2000000,4000000,OFFER
2023-12-25 00:13:59.546,9128283H1,99-04+,1000000,2000000,BID,99-046,1000000,2000000,OFFER
2023-12-25 00:13:59.546,9128283H1,99-045,2000000,4000000,BID,99-047,2000000,4000000,OFFER
2023-12-25 00:13:59.546,9128283H1,99-045,1000000,2000000,BID,99-051,1000000,2000000,OFFER
2023-12-25 00:13:59.546,9128283H1,99-047,2000000,4000000,BID,99-051,2000000,4000000,OFFER
2023-12-25 00:13:59.546,9128283H1,99-050,1000000,2000000,BID,99-052,1000000,2000000,OFFER
2023-12-25 00:13:59.546,9128283H1,99-051,2000000,4000000,BID,99-053,2000000,4000000,OFFER
2023-12-25 00:13:59.546,9128283H1,99-052,1000000,2000000,BID,99-05+,1000000,2000000,OFFER
2023-12-25 00:13:59.547,9128283H1,99-052,2000000,4000000,BID,99-056,2000000,4000000,OFFER
2023-12-25 00:13:59.547,9128283H1,99-05+,1000000,2000000,BID,99-056,1000000,2000000,OFFER
2023-12-25 00:13:59.547,9128283H1,99-055,2000000,4000000,BID,99-057,2000000,4000000,OFFER
2023-12-25 00:13:59.547,9128283H1,99-055,1000000,2000000,BID,99-061,1000000,2000000,OFFER
2023-12-25 00:13:59.547,9128283H1,99-057,2000000,4000000,BID,99-061,2000000,4000000,OFFER
2023-12-25 00:13:59.547,9128283H1,99-060,1000000,2000000,BID,99-062,1000000,2000000,OFFER
2023-12-25 00:13:59.547,9128283H1,99-060,2000000,4000000,BID,99-06+,2000000,4000000,OFFER
2023-12-25 00:13:59.547,9128283H1,99-062,1000000,2000000,BID,99-06+,1000000,2000000,OFFER
2023-12-25 00:13:59.547,9128283H1,99-063,2000000,4000000,BID,99-065,2000000,4000000,OFFER
2023-12-25 00:13:59.547,9128283H1,99-06+,1000000,2000000,BID,99-066,1000000,2000000,OFFER
2023-12-25 00:13:59.547,9128283H1,99-06+,2000000,4000000,BID,99-070,2000000,4000000,OFFER
2023-12-25 00:13:59.548,9128283H1,99-065,1000000,2000000,BID,99-071,1000000,2000000,OFFER
2023-12-25 00:13:59.548,9128283H1,99-067,2000000,4000000,BID,99-071,2000000,4000000,OFFER
2023-12-25 00:13:59.548,9128283H1,99-070,1000000,2000000,BID,99-072,1000000,2000000,OFFER
2023-12-25 00:13:59.548,9128283H1,99-070,2000000,4000000,BID,99-07+,2000000,4000000,OFFER
2023-12-25 00:13:59.548,9128283H1,99-072,1000000,2000000,BID,99-07+,1000000,2000000,OFFER
2023-12-25 00:13:59.548,9128283H1,99-073,2000000,4000000,BID,99-075,2000000,4000000,OFFER
2023-12-25 00:13:59.548,9128283H1,99-073,1000000,2000000,BID,99-077,1000000,2000000,OFFER
2023-12-25 00:13:59.548,9128283H1,99-075,2000000,4000000,BID,99-077,2000000,4000000,OFFER
2023-12-25 00:13:59.548,9128283H1,99-075,1000000,2000000,BID,99-081,1000000,2000000,OFFER
2023-12-25 00:13:59.548,9128283H1,99-077,2000000,4000000,BID,99-081,2000000,4000000,OFFER
2023-12-25 00:13:59.549,9128283H1,99-080,1000000,2000000,BID,99-082,1000000,2000000,OFFER
2023-12-25 00:13:59.549,9128283H1,99-080,2000000,4000000,BID,99-08+,2000000,4000000,OFFER
2023-12-25 00:13:59.549,9128283H1,99-082,1000000,2000000,BID,99-08+,1000000,2000000,OFFER
2023-12-25 00:13:59.549,9128283H1,99-082,2000000,4000000,BID,99-086,2000000,4000000,OFFER
2023-12-25 00:13:59.549,9128283H1,99-083,1000000,2000000,BID,99-087,1000000,2000000,OFFER
2023-12-25 00:13:59.549,9128283H1,99-08+,2000000,4000000,BID,99-090,2000000,4000000,OFFER
2023-12-25 00:13:59.549,9128283H1,99-085,1000000,2000000,BID,99-091,1000000,2000000,OFFER
2023-12-25 00:13:59.549,9128283H1,99-087,2000000,4000000,BID,99-091,2000000,4000000,OFFER
2023-12-25 00:13:59.549,9128283H1,99-087,1000000,2000000,BID,99-093,1000000,2000000,OFFER
