Timestamp,CUSIP,Bid,Ask
2023-12-23 00:31:16.239,9128283H1,98-316,99-001,0.0148089
2023-12-23 00:31:16.255,9128283H1,98-317,99-002,0.0130501
2023-12-23 00:31:16.272,9128283H1,99-000,99-003,0.0117552
2023-12-23 00:31:16.292,9128283H1,99-001,99-00+,0.0102035
2023-12-23 00:31:16.301,9128283H1,99-002,99-005,0.0147608
2023-12-23 00:31:16.306,9128283H1,99-003,99-006,0.0113094
2023-12-23 00:31:16.319,9128283H1,99-00+,99-007,0.0143305
2023-12-23 00:31:16.334,9128283H1,99-005,99-010,0.0103743
2023-12-23 00:31:16.337,9128283H1,99-006,99-011,0.0154622
2023-12-23 00:31:16.340,9128283H1,99-007,99-012,0.0141107
2023-12-23 00:31:16.354,9128283H1,99-010,99-013,0.0139157
2023-12-23 00:31:16.373,9128283H1,99-011,99-01+,0.0119446
2023-12-23 00:31:16.379,9128283H1,99-012,99-015,0.0138673
2023-12-23 00:31:16.398,9128283H1,99-013,99-016,0.0101625
2023-12-23 00:31:16.417,9128283H1,99-01+,99-017,0.0141185
2023-12-23 00:31:16.424,9128283H1,99-015,99-020,0.00837237
2023-12-23 00:31:16.432,9128283H1,99-016,99-021,0.0111183
2023-12-23 00:31:16.433,9128283H1,99-017,99-022,0.00850528
2023-12-23 00:31:16.438,9128283H1,99-020,99-023,0.0107689
2023-12-23 00:31:16.448,9128283H1,99-021,99-02+,0.0106155
2023-12-23 00:31:16.449,9128283H1,99-022,99-025,0.0141853
2023-12-23 00:31:16.453,9128283H1,99-023,99-026,0.0123061
2023-12-23 00:31:16.469,9128283H1,99-02+,99-027,0.0139008
2023-12-23 00:31:16.476,9128283H1,99-025,99-030,0.0148879
2023-12-23 00:31:16.477,9128283H1,99-026,99-031,0.00851222
2023-12-23 00:31:16.496,9128283H1,99-027,99-032,0.0144882
2023-12-23 00:31:16.499,9128283H1,99-030,99-033,0.0105565
2023-12-23 00:31:16.517,9128283H1,99-031,99-03+,0.0151002
2023-12-23 00:31:16.526,9128283H1,99-032,99-035,0.00988325
2023-12-23 00:31:16.530,9128283H1,99-033,99-036,0.0144532
2023-12-23 00:31:16.549,9128283H1,99-03+,99-037,0.0144377
2023-12-23 00:31:16.563,9128283H1,99-035,99-040,0.00862253
2023-12-23 00:31:16.583,9128283H1,99-036,99-041,0.00817879
2023-12-23 00:31:16.584,9128283H1,99-037,99-042,0.0116989
2023-12-23 00:31:16.593,9128283H1,99-040,99-043,0.00944428
2023-12-23 00:31:16.608,9128283H1,99-041,99-04+,0.00983095
2023-12-23 00:31:16.610,9128283H1,99-042,99-045,0.0134264
2023-12-23 00:31:16.615,9128283H1,99-043,99-046,0.0116412
2023-12-23 00:31:16.633,9128283H1,99-04+,99-047,0.00789764
2023-12-23 00:31:16.652,9128283H1,99-045,99-050,0.00974237
2023-12-23 00:31:16.667,9128283H1,99-046,99-051,0.0153081
2023-12-23 00:31:16.669,9128283H1,99-047,99-052,0.0121307
2023-12-23 00:31:16.685,9128283H1,99-050,99-053,0.0131545
2023-12-23 00:31:16.704,9128283H1,99-051,99-05+,0.00825951
2023-12-23 00:31:16.715,9128283H1,99-052,99-055,0.0102339
2023-12-23 00:31:16.718,9128283H1,99-053,99-056,0.0108116
2023-12-23 00:31:16.724,9128283H1,99-05+,99-057,0.0110798
2023-12-23 00:31:16.740,9128283H1,99-055,99-060,0.0113194
2023-12-23 00:31:16.759,9128283H1,99-056,99-061,0.0108804
2023-12-23 00:31:16.771,9128283H1,99-057,99-062,0.0105654
2023-12-23 00:31:16.785,9128283H1,99-060,99-063,0.010047
2023-12-23 00:31:16.797,9128283H1,99-061,99-06+,0.00847118
2023-12-23 00:31:16.801,9128283H1,99-062,99-065,0.0127396
2023-12-23 00:31:16.817,9128283H1,99-063,99-066,0.0143606
2023-12-23 00:31:16.833,9128283H1,99-06+,99-067,0.0148917
2023-12-23 00:31:16.839,9128283H1,99-065,99-070,0.00900077
2023-12-23 00:31:16.851,9128283H1,99-066,99-071,0.0140953
2023-12-23 00:31:16.867,9128283H1,99-067,99-072,0.010071
2023-12-23 00:31:16.881,9128283H1,99-070,99-073,0.0130361
2023-12-23 00:31:16.899,9128283H1,99-071,99-07+,0.00978665
2023-12-23 00:31:16.915,9128283H1,99-072,99-075,0.0153588
2023-12-23 00:31:16.924,9128283H1,99-073,99-076,0.0134372
2023-12-23 00:31:16.938,9128283H1,99-07+,99-077,0.0142006
2023-12-23 00:31:16.943,9128283H1,99-075,99-080,0.0135514
2023-12-23 00:31:16.961,9128283H1,99-076,99-081,0.0121736
2023-12-23 00:31:16.978,9128283H1,99-077,99-082,0.0096259
2023-12-23 00:31:16.979,9128283H1,99-080,99-083,0.0124652
2023-12-23 00:31:16.985,9128283H1,99-081,99-08+,0.0102476
2023-12-23 00:31:16.997,9128283H1,99-082,99-085,0.00864378
2023-12-23 00:31:17.002,9128283H1,99-083,99-086,0.011261
2023-12-23 00:31:17.009,9128283H1,99-08+,99-087,0.0103726
2023-12-23 00:31:17.023,9128283H1,99-085,99-090,0.00797164
2023-12-23 00:31:17.033,9128283H1,99-086,99-091,0.0142236
2023-12-23 00:31:17.042,9128283H1,99-087,99-092,0.0107421
2023-12-23 00:31:17.046,9128283H1,99-090,99-093,0.0144863
2023-12-23 00:31:17.047,9128283H1,99-091,99-09+,0.0155129
2023-12-23 00:31:17.053,9128283H1,99-092,99-095,0.00882044
2023-12-23 00:31:17.066,9128283H1,99-093,99-096,0.00936965
2023-12-23 00:31:17.069,9128283H1,99-09+,99-097,0.00844596
2023-12-23 00:31:17.075,9128283H1,99-095,99-100,0.0092957
2023-12-23 00:31:17.089,9128283H1,99-096,99-101,0.0145121
2023-12-23 00:31:17.104,9128283H1,99-097,99-102,0.00995684
2023-12-23 00:31:17.122,9128283H1,99-100,99-103,0.00944173
2023-12-23 00:31:17.134,9128283H1,99-101,99-10+,0.0113409
2023-12-23 00:31:17.148,9128283H1,99-102,99-105,0.0126805
2023-12-23 00:31:17.155,9128283H1,99-103,99-106,0.0119665
2023-12-23 00:31:17.167,9128283H1,99-10+,99-107,0.00883981
2023-12-23 00:31:17.186,9128283H1,99-105,99-110,0.0134409
2023-12-23 00:31:17.196,9128283H1,99-106,99-111,0.0123044
2023-12-23 00:31:17.213,9128283H1,99-107,99-112,0.00845411
2023-12-23 00:31:17.218,9128283H1,99-110,99-113,0.00781824
2023-12-23 00:31:17.219,9128283H1,99-111,99-11+,0.0115403
2023-12-23 00:31:17.220,9128283H1,99-112,99-115,0.0103411
2023-12-23 00:31:17.232,9128283H1,99-113,99-116,0.0143906
2023-12-23 00:31:17.234,9128283H1,99-11+,99-117,0.0128377
2023-12-23 00:31:17.240,9128283H1,99-115,99-120,0.0088531
2023-12-23 00:31:17.251,9128283H1,99-116,99-121,0.00999887
2023-12-23 00:31:17.264,9128283H1,99-117,99-122,0.0130902
2023-12-23 00:31:17.283,9128283H1,99-120,99-123,0.00895403
2023-12-23 00:31:17.295,9128283H1,99-121,99-12+,0.0149345
2023-12-23 00:31:17.296,9128283H1,99-122,99-125,0.0104865
2023-12-23 00:31:17.316,9128283H1,99-123,99-126,0.00825563
2023-12-23 00:31:17.335,9128283H1,99-12+,99-127,0.0130977
2023-12-23 00:31:17.342,9128283H1,99-125,99-130,0.0123058
2023-12-23 00:31:17.351,9128283H1,99-126,99-131,0.0101228
2023-12-23 00:31:17.356,9128283H1,99-127,99-132,0.0131442
2023-12-23 00:31:17.376,9128283H1,99-130,99-133,0.0119907
2023-12-23 00:31:17.379,9128283H1,99-131,99-13+,0.0146381
2023-12-23 00:31:17.397,9128283H1,99-132,99-135,0.00896644
2023-12-23 00:31:17.409,9128283H1,99-133,99-136,0.00893933
2023-12-23 00:31:17.429,9128283H1,99-13+,99-137,0.00914026
2023-12-23 00:31:17.437,9128283H1,99-135,99-140,0.00957704
2023-12-23 00:31:17.449,9128283H1,99-136,99-141,0.0119921
2023-12-23 00:31:17.455,9128283H1,99-137,99-142,0.0139228
2023-12-23 00:31:17.473,9128283H1,99-140,99-143,0.00979822
2023-12-23 00:31:17.487,9128283H1,99-141,99-14+,0.0129811
2023-12-23 00:31:17.498,9128283H1,99-142,99-145,0.0123746
2023-12-23 00:31:17.510,9128283H1,99-143,99-146,0.00914432
2023-12-23 00:31:17.528,9128283H1,99-14+,99-147,0.0131859
2023-12-23 00:31:17.541,9128283H1,99-145,99-150,0.0110246
2023-12-23 00:31:17.558,9128283H1,99-146,99-151,0.0140344
2023-12-23 00:31:17.567,9128283H1,99-147,99-152,0.00946312
2023-12-23 00:31:17.569,9128283H1,99-150,99-153,0.00916171
2023-12-23 00:31:17.581,9128283H1,99-151,99-15+,0.0130236
2023-12-23 00:31:17.599,9128283H1,99-152,99-155,0.0125468
2023-12-23 00:31:17.601,9128283H1,99-153,99-156,0.0150689
2023-12-23 00:31:17.605,9128283H1,99-15+,99-157,0.00861387
2023-12-23 00:31:17.623,9128283H1,99-155,99-160,0.0103286
2023-12-23 00:31:17.626,9128283H1,99-156,99-161,0.00803304
2023-12-23 00:31:17.643,9128283H1,99-157,99-162,0.0126011
2023-12-23 00:31:17.649,9128283H1,99-160,99-163,0.00782814
2023-12-23 00:31:17.653,9128283H1,99-161,99-16+,0.0118365
2023-12-23 00:31:17.665,9128283H1,99-162,99-165,0.0130322
2023-12-23 00:31:17.673,9128283H1,99-163,99-166,0.0114629
2023-12-23 00:31:17.688,9128283H1,99-16+,99-167,0.00846041
2023-12-23 00:31:17.700,9128283H1,99-165,99-170,0.0104915
2023-12-23 00:31:17.719,9128283H1,99-166,99-171,0.0104572
2023-12-23 00:31:17.730,9128283H1,99-167,99-172,0.00801171
2023-12-23 00:31:17.738,9128283H1,99-170,99-173,0.00947913
2023-12-23 00:31:17.749,9128283H1,99-171,99-17+,0.0121579
2023-12-23 00:31:17.754,9128283H1,99-172,99-175,0.0112529
2023-12-23 00:31:17.763,9128283H1,99-173,99-176,0.00944999
2023-12-23 00:31:17.774,9128283H1,99-17+,99-177,0.0140464
2023-12-23 00:31:17.776,9128283H1,99-175,99-180,0.012596
2023-12-23 00:31:17.794,9128283H1,99-176,99-181,0.0109279
2023-12-23 00:31:17.797,9128283H1,99-177,99-182,0.0116246
2023-12-23 00:31:17.815,9128283H1,99-180,99-183,0.0102041
2023-12-23 00:31:17.830,9128283H1,99-181,99-18+,0.0145845
2023-12-23 00:31:17.836,9128283H1,99-182,99-185,0.0136025
2023-12-23 00:31:17.843,9128283H1,99-183,99-186,0.0126941
2023-12-23 00:31:17.862,9128283H1,99-18+,99-187,0.0154819
2023-12-23 00:31:17.866,9128283H1,99-185,99-190,0.0128825
2023-12-23 00:31:17.878,9128283H1,99-186,99-191,0.00935823
2023-12-23 00:31:17.886,9128283H1,99-187,99-192,0.01058
2023-12-23 00:31:17.897,9128283H1,99-190,99-193,0.0153518
2023-12-23 00:31:17.900,9128283H1,99-191,99-19+,0.0133427
2023-12-23 00:31:17.906,9128283H1,99-192,99-195,0.0115382
2023-12-23 00:31:17.921,9128283H1,99-193,99-196,0.0097388
2023-12-23 00:31:17.939,9128283H1,99-19+,99-197,0.0084371
2023-12-23 00:31:17.941,9128283H1,99-195,99-200,0.00942696
2023-12-23 00:31:17.945,9128283H1,99-196,99-201,0.0148993
2023-12-23 00:31:17.949,9128283H1,99-197,99-202,0.0115531
2023-12-23 00:31:17.969,9128283H1,99-200,99-203,0.01014
2023-12-23 00:31:17.977,9128283H1,99-201,99-20+,0.0133333
2023-12-23 00:31:17.980,9128283H1,99-202,99-205,0.0153382
2023-12-23 00:31:17.996,9128283H1,99-203,99-206,0.0148854
2023-12-23 00:31:18.010,9128283H1,99-20+,99-207,0.0129865
2023-12-23 00:31:18.019,9128283H1,99-205,99-210,0.0143378
2023-12-23 00:31:18.027,9128283H1,99-206,99-211,0.0118969
2023-12-23 00:31:18.036,9128283H1,99-207,99-212,0.0111396
2023-12-23 00:31:18.054,9128283H1,99-210,99-213,0.0137713
2023-12-23 00:31:18.059,9128283H1,99-211,99-21+,0.0118831
2023-12-23 00:31:18.073,9128283H1,99-212,99-215,0.0100983
2023-12-23 00:31:18.082,9128283H1,99-213,99-216,0.0098158
2023-12-23 00:31:18.094,9128283H1,99-21+,99-217,0.00958744
2023-12-23 00:31:18.109,9128283H1,99-215,99-220,0.0120047
2023-12-23 00:31:18.128,9128283H1,99-216,99-221,0.00803947
2023-12-23 00:31:18.129,9128283H1,99-217,99-222,0.0105061
2023-12-23 00:31:18.139,9128283H1,99-220,99-223,0.0134309
2023-12-23 00:31:18.157,9128283H1,99-221,99-22+,0.0151163
2023-12-23 00:31:18.166,9128283H1,99-222,99-225,0.0120931
2023-12-23 00:31:18.171,9128283H1,99-223,99-226,0.0106797
2023-12-23 00:31:18.186,9128283H1,99-22+,99-227,0.0142483
2023-12-23 00:31:18.205,9128283H1,99-225,99-230,0.0141025
2023-12-23 00:31:18.225,9128283H1,99-226,99-231,0.014747
2023-12-23 00:31:18.236,9128283H1,99-227,99-232,0.00811082
2023-12-23 00:31:18.255,9128283H1,99-230,99-233,0.00809647
2023-12-23 00:31:18.258,9128283H1,99-231,99-23+,0.014835
2023-12-23 00:31:18.268,9128283H1,99-232,99-235,0.0115304
2023-12-23 00:31:18.280,9128283H1,99-233,99-236,0.015429
2023-12-23 00:31:18.282,9128283H1,99-23+,99-237,0.0112858
2023-12-23 00:31:18.284,9128283H1,99-235,99-240,0.0129813
2023-12-23 00:31:18.289,9128283H1,99-236,99-241,0.0102881
2023-12-23 00:31:18.305,9128283H1,99-237,99-242,0.0119069
2023-12-23 00:31:18.306,9128283H1,99-240,99-243,0.0132474
2023-12-23 00:31:18.321,9128283H1,99-241,99-24+,0.00919299
2023-12-23 00:31:18.331,9128283H1,99-242,99-245,0.0133734
2023-12-23 00:31:18.339,9128283H1,99-243,99-246,0.0152975
2023-12-23 00:31:18.347,9128283H1,99-24+,99-247,0.0139634
2023-12-23 00:31:18.356,9128283H1,99-245,99-250,0.00908444
2023-12-23 00:31:18.370,9128283H1,99-246,99-251,0.0085296
2023-12-23 00:31:18.375,9128283H1,99-247,99-252,0.01442
2023-12-23 00:31:18.376,9128283H1,99-250,99-253,0.0110858
2023-12-23 00:31:18.390,9128283H1,99-251,99-25+,0.0151523
2023-12-23 00:31:18.401,9128283H1,99-252,99-255,0.0142551
2023-12-23 00:31:18.406,9128283H1,99-253,99-256,0.0127679
2023-12-23 00:31:18.416,9128283H1,99-25+,99-257,0.00897667
2023-12-23 00:31:18.433,9128283H1,99-255,99-260,0.0133033
2023-12-23 00:31:18.451,9128283H1,99-256,99-261,0.0104486
2023-12-23 00:31:18.463,9128283H1,99-257,99-262,0.0103372
2023-12-23 00:31:18.481,9128283H1,99-260,99-263,0.0119671
2023-12-23 00:31:18.499,9128283H1,99-261,99-26+,0.0106302
2023-12-23 00:31:18.504,9128283H1,99-262,99-265,0.00949288
2023-12-23 00:31:18.524,9128283H1,99-263,99-266,0.00878378
2023-12-23 00:31:18.537,9128283H1,99-26+,99-267,0.0083267
2023-12-23 00:31:18.544,9128283H1,99-265,99-270,0.00972398
2023-12-23 00:31:18.556,9128283H1,99-266,99-271,0.00946293
2023-12-23 00:31:18.565,9128283H1,99-267,99-272,0.0138353
2023-12-23 00:31:18.580,9128283H1,99-270,99-273,0.00828705
2023-12-23 00:31:18.593,9128283H1,99-271,99-27+,0.0119346
2023-12-23 00:31:18.597,9128283H1,99-272,99-275,0.0142664
2023-12-23 00:31:18.598,9128283H1,99-273,99-276,0.0113656
2023-12-23 00:31:18.604,9128283H1,99-27+,99-277,0.0106793
2023-12-23 00:31:18.614,9128283H1,99-275,99-280,0.012686
2023-12-23 00:31:18.625,9128283H1,99-276,99-281,0.00815823
2023-12-23 00:31:18.635,9128283H1,99-277,99-282,0.0145862
2023-12-23 00:31:18.652,9128283H1,99-280,99-283,0.00832177
2023-12-23 00:31:18.664,9128283H1,99-281,99-28+,0.0139273
2023-12-23 00:31:18.683,9128283H1,99-282,99-285,0.0119333
2023-12-23 00:31:18.700,9128283H1,99-283,99-286,0.0115979
2023-12-23 00:31:18.708,9128283H1,99-28+,99-287,0.00975057
2023-12-23 00:31:18.719,9128283H1,99-285,99-290,0.0137786
2023-12-23 00:31:18.721,9128283H1,99-286,99-291,0.010748
2023-12-23 00:31:18.722,9128283H1,99-287,99-292,0.0141337
2023-12-23 00:31:18.725,9128283H1,99-290,99-293,0.0126819
2023-12-23 00:31:18.737,9128283H1,99-291,99-29+,0.0104919
2023-12-23 00:31:18.753,9128283H1,99-292,99-295,0.0136218
2023-12-23 00:31:18.755,9128283H1,99-293,99-296,0.00878346
2023-12-23 00:31:18.768,9128283H1,99-29+,99-297,0.0109952
2023-12-23 00:31:18.786,9128283H1,99-295,99-300,0.0129199
2023-12-23 00:31:18.793,9128283H1,99-296,99-301,0.0101198
2023-12-23 00:31:18.803,9128283H1,99-297,99-302,0.0145791
2023-12-23 00:31:18.808,9128283H1,99-300,99-303,0.0150817
2023-12-23 00:31:18.812,9128283H1,99-301,99-30+,0.0116237
2023-12-23 00:31:18.828,9128283H1,99-302,99-305,0.0146686
2023-12-23 00:31:18.846,9128283H1,99-303,99-306,0.0107792
2023-12-23 00:31:18.851,9128283H1,99-30+,99-307,0.013208
2023-12-23 00:31:18.869,9128283H1,99-305,99-310,0.0121073
2023-12-23 00:31:18.889,9128283H1,99-306,99-311,0.00905828
2023-12-23 00:31:18.900,9128283H1,99-307,99-312,0.0104499
2023-12-23 00:31:18.901,9128283H1,99-310,99-313,0.0135825
2023-12-23 00:31:18.912,9128283H1,99-311,99-31+,0.00976201
2023-12-23 00:31:18.931,9128283H1,99-312,99-315,0.0149371
2023-12-23 00:31:18.943,9128283H1,99-313,99-316,0.0078287
2023-12-23 00:31:18.950,9128283H1,99-31+,99-317,0.014216
2023-12-23 00:31:18.967,9128283H1,99-315,100-000,0.00834226
2023-12-23 00:31:18.972,9128283H1,99-316,100-001,0.0143836
2023-12-23 00:31:18.983,9128283H1,99-317,100-002,0.0106821
2023-12-23 00:31:18.986,9128283H1,100-000,100-003,0.014836
2023-12-23 00:31:18.989,9128283H1,100-001,100-00+,0.0150701
2023-12-23 00:31:18.993,9128283H1,100-002,100-005,0.0142643
2023-12-23 00:31:19.012,9128283H1,100-003,100-006,0.0111578
2023-12-23 00:31:19.017,9128283H1,100-00+,100-007,0.0088935
2023-12-23 00:31:19.029,9128283H1,100-005,100-010,0.00882607
2023-12-23 00:31:19.039,9128283H1,100-006,100-011,0.00903013
2023-12-23 00:31:19.053,9128283H1,100-007,100-012,0.0138631
2023-12-23 00:31:19.073,9128283H1,100-010,100-013,0.00999468
2023-12-23 00:31:19.090,9128283H1,100-011,100-01+,0.01455
2023-12-23 00:31:19.108,9128283H1,100-012,100-015,0.0114181
2023-12-23 00:31:19.117,9128283H1,100-013,100-016,0.0126921
2023-12-23 00:31:19.126,9128283H1,100-01+,100-017,0.0132802
2023-12-23 00:31:19.135,9128283H1,100-015,100-020,0.0125824
2023-12-23 00:31:19.151,9128283H1,100-016,100-021,0.00897208
2023-12-23 00:31:19.162,9128283H1,100-017,100-022,0.0153371
2023-12-23 00:31:19.180,9128283H1,100-020,100-023,0.0116318
2023-12-23 00:31:19.185,9128283H1,100-021,100-02+,0.00952622
2023-12-23 00:31:19.195,9128283H1,100-022,100-025,0.0150628
2023-12-23 00:31:19.214,9128283H1,100-023,100-026,0.0120324
2023-12-23 00:31:19.228,9128283H1,100-02+,100-027,0.00920306
2023-12-23 00:31:19.233,9128283H1,100-025,100-030,0.0142283
2023-12-23 00:31:19.252,9128283H1,100-026,100-031,0.011097
2023-12-23 00:31:19.264,9128283H1,100-027,100-032,0.0129802
2023-12-23 00:31:19.267,9128283H1,100-030,100-033,0.012621
2023-12-23 00:31:19.277,9128283H1,100-031,100-03+,0.0144319
2023-12-23 00:31:19.281,9128283H1,100-032,100-035,0.00851305
2023-12-23 00:31:19.298,9128283H1,100-033,100-036,0.013932
2023-12-23 00:31:19.317,9128283H1,100-03+,100-037,0.011417
2023-12-23 00:31:19.332,9128283H1,100-035,100-040,0.0109994
2023-12-23 00:31:19.346,9128283H1,100-036,100-041,0.0109983
2023-12-23 00:31:19.351,9128283H1,100-037,100-042,0.0131994
2023-12-23 00:31:19.355,9128283H1,100-040,100-043,0.0122214
2023-12-23 00:31:19.372,9128283H1,100-041,100-04+,0.00844041
2023-12-23 00:31:19.374,9128283H1,100-042,100-045,0.0140495
2023-12-23 00:31:19.388,9128283H1,100-043,100-046,0.0106935
2023-12-23 00:31:19.408,9128283H1,100-04+,100-047,0.0143356
2023-12-23 00:31:19.426,9128283H1,100-045,100-050,0.0122504
2023-12-23 00:31:19.443,9128283H1,100-046,100-051,0.0149818
2023-12-23 00:31:19.457,9128283H1,100-047,100-052,0.00821628
2023-12-23 00:31:19.476,9128283H1,100-050,100-053,0.00887724
2023-12-23 00:31:19.496,9128283H1,100-051,100-05+,0.00892844
2023-12-23 00:31:19.497,9128283H1,100-052,100-055,0.0103425
2023-12-23 00:31:19.500,9128283H1,100-053,100-056,0.0112913
2023-12-23 00:31:19.507,9128283H1,100-05+,100-057,0.0105979
2023-12-23 00:31:19.513,9128283H1,100-055,100-060,0.0112062
2023-12-23 00:31:19.520,9128283H1,100-056,100-061,0.0132843
2023-12-23 00:31:19.533,9128283H1,100-057,100-062,0.00933669
2023-12-23 00:31:19.541,9128283H1,100-060,100-063,0.0115328
2023-12-23 00:31:19.556,9128283H1,100-061,100-06+,0.0124298
2023-12-23 00:31:19.562,9128283H1,100-062,100-065,0.0142487
2023-12-23 00:31:19.578,9128283H1,100-063,100-066,0.00974682
2023-12-23 00:31:19.585,9128283H1,100-06+,100-067,0.00898637
2023-12-23 00:31:19.602,9128283H1,100-065,100-070,0.0089994
2023-12-23 00:31:19.620,9128283H1,100-066,100-071,0.00847517
2023-12-23 00:31:19.632,9128283H1,100-067,100-072,0.0114959
2023-12-23 00:31:19.644,9128283H1,100-070,100-073,0.0115518
2023-12-23 00:31:19.653,9128283H1,100-071,100-07+,0.00871387
2023-12-23 00:31:19.672,9128283H1,100-072,100-075,0.00797008
2023-12-23 00:31:19.674,9128283H1,100-073,100-076,0.0131034
2023-12-23 00:31:19.682,9128283H1,100-07+,100-077,0.0109011
2023-12-23 00:31:19.701,9128283H1,100-075,100-080,0.015037
2023-12-23 00:31:19.713,9128283H1,100-076,100-081,0.0127483
2023-12-23 00:31:19.715,9128283H1,100-077,100-082,0.0118137
2023-12-23 00:31:19.730,9128283H1,100-080,100-083,0.00960629
2023-12-23 00:31:19.747,9128283H1,100-081,100-08+,0.0105464
2023-12-23 00:31:19.760,9128283H1,100-082,100-085,0.00808684
2023-12-23 00:31:19.765,9128283H1,100-083,100-086,0.0116464
2023-12-23 00:31:19.781,9128283H1,100-08+,100-087,0.00812771
2023-12-23 00:31:19.787,9128283H1,100-085,100-090,0.00821503
2023-12-23 00:31:19.804,9128283H1,100-086,100-091,0.0136916
2023-12-23 00:31:19.822,9128283H1,100-087,100-092,0.0151039
2023-12-23 00:31:19.838,9128283H1,100-090,100-093,0.00877109
2023-12-23 00:31:19.854,9128283H1,100-091,100-09+,0.00969649
2023-12-23 00:31:19.868,9128283H1,100-092,100-095,0.00944001
2023-12-23 00:31:19.885,9128283H1,100-093,100-096,0.0143713
2023-12-23 00:31:19.902,9128283H1,100-09+,100-097,0.0117434
2023-12-23 00:31:19.914,9128283H1,100-095,100-100,0.0118021
2023-12-23 00:31:19.930,9128283H1,100-096,100-101,0.0129599
2023-12-23 00:31:19.950,9128283H1,100-097,100-102,0.0123399
2023-12-23 00:31:19.952,9128283H1,100-100,100-103,0.00964546
2023-12-23 00:31:19.955,9128283H1,100-101,100-10+,0.0133318
2023-12-23 00:31:19.970,9128283H1,100-102,100-105,0.0117352
2023-12-23 00:31:19.983,9128283H1,100-103,100-106,0.0116001
2023-12-23 00:31:19.986,9128283H1,100-10+,100-107,0.0154909
2023-12-23 00:31:20.005,9128283H1,100-105,100-110,0.0122519
2023-12-23 00:31:20.019,9128283H1,100-106,100-111,0.0110893
2023-12-23 00:31:20.032,9128283H1,100-107,100-112,0.00936089
2023-12-23 00:31:20.052,9128283H1,100-110,100-113,0.00826439
2023-12-23 00:31:20.068,9128283H1,100-111,100-11+,0.0151812
2023-12-23 00:31:20.071,9128283H1,100-112,100-115,0.0150446
2023-12-23 00:31:20.090,9128283H1,100-113,100-116,0.0104644
2023-12-23 00:31:20.102,9128283H1,100-11+,100-117,0.0145419
2023-12-23 00:31:20.109,9128283H1,100-115,100-120,0.00859745
2023-12-23 00:31:20.128,9128283H1,100-116,100-121,0.0150062
2023-12-23 00:31:20.141,9128283H1,100-117,100-122,0.0113264
2023-12-23 00:31:20.142,9128283H1,100-120,100-123,0.0139212
2023-12-23 00:31:20.156,9128283H1,100-121,100-12+,0.0100813
2023-12-23 00:31:20.176,9128283H1,100-122,100-125,0.0131676
2023-12-23 00:31:20.190,9128283H1,100-123,100-126,0.0111911
2023-12-23 00:31:20.209,9128283H1,100-12+,100-127,0.00866438
2023-12-23 00:31:20.217,9128283H1,100-125,100-130,0.00965484
2023-12-23 00:31:20.237,9128283H1,100-126,100-131,0.00844606
2023-12-23 00:31:20.251,9128283H1,100-127,100-132,0.0117425
2023-12-23 00:31:20.265,9128283H1,100-130,100-133,0.0106045
2023-12-23 00:31:20.273,9128283H1,100-131,100-13+,0.0113544
2023-12-23 00:31:20.282,9128283H1,100-132,100-135,0.0122371
2023-12-23 00:31:20.302,9128283H1,100-133,100-136,0.00854743
2023-12-23 00:31:20.309,9128283H1,100-13+,100-137,0.0146231
2023-12-23 00:31:20.324,9128283H1,100-135,100-140,0.0145359
2023-12-23 00:31:20.344,9128283H1,100-136,100-141,0.0146625
2023-12-23 00:31:20.355,9128283H1,100-137,100-142,0.00839006
2023-12-23 00:31:20.356,9128283H1,100-140,100-143,0.00876064
2023-12-23 00:31:20.373,9128283H1,100-141,100-14+,0.00922869
2023-12-23 00:31:20.384,9128283H1,100-142,100-145,0.0151316
2023-12-23 00:31:20.393,9128283H1,100-143,100-146,0.0113514
2023-12-23 00:31:20.397,9128283H1,100-14+,100-147,0.0141878
2023-12-23 00:31:20.401,9128283H1,100-145,100-150,0.00951905
2023-12-23 00:31:20.410,9128283H1,100-146,100-151,0.013947
2023-12-23 00:31:20.415,9128283H1,100-147,100-152,0.0132884
2023-12-23 00:31:20.423,9128283H1,100-150,100-153,0.0149462
2023-12-23 00:31:20.427,9128283H1,100-151,100-15+,0.0116651
2023-12-23 00:31:20.430,9128283H1,100-152,100-155,0.0155925
2023-12-23 00:31:20.431,9128283H1,100-153,100-156,0.0147054
2023-12-23 00:31:20.448,9128283H1,100-15+,100-157,0.0127912
2023-12-23 00:31:20.449,9128283H1,100-155,100-160,0.0130001
2023-12-23 00:31:20.458,9128283H1,100-156,100-161,0.011087
2023-12-23 00:31:20.468,9128283H1,100-157,100-162,0.0136345
2023-12-23 00:31:20.483,9128283H1,100-160,100-163,0.00867592
2023-12-23 00:31:20.492,9128283H1,100-161,100-16+,0.0122171
2023-12-23 00:31:20.504,9128283H1,100-162,100-165,0.0146476
2023-12-23 00:31:20.520,9128283H1,100-163,100-166,0.0136551
2023-12-23 00:31:20.524,9128283H1,100-16+,100-167,0.00810489
2023-12-23 00:31:20.540,9128283H1,100-165,100-170,0.0155658
2023-12-23 00:31:20.551,9128283H1,100-166,100-171,0.00789795
2023-12-23 00:31:20.557,9128283H1,100-167,100-172,0.0086743
2023-12-23 00:31:20.562,9128283H1,100-170,100-173,0.0136984
2023-12-23 00:31:20.574,9128283H1,100-171,100-17+,0.0130194
2023-12-23 00:31:20.580,9128283H1,100-172,100-175,0.0151181
2023-12-23 00:31:20.583,9128283H1,100-173,100-176,0.0102624
2023-12-23 00:31:20.600,9128283H1,100-17+,100-177,0.0123601
2023-12-23 00:31:20.601,9128283H1,100-175,100-180,0.00968078
2023-12-23 00:31:20.619,9128283H1,100-176,100-181,0.0124428
2023-12-23 00:31:20.634,9128283H1,100-177,100-182,0.0131851
2023-12-23 00:31:20.648,9128283H1,100-180,100-183,0.0149199
2023-12-23 00:31:20.659,9128283H1,100-181,100-18+,0.0127227
2023-12-23 00:31:20.666,9128283H1,100-182,100-185,0.0116102
2023-12-23 00:31:20.679,9128283H1,100-183,100-186,0.0112944
2023-12-23 00:31:20.682,9128283H1,100-18+,100-187,0.0152422
2023-12-23 00:31:20.685,9128283H1,100-185,100-190,0.0119662
2023-12-23 00:31:20.688,9128283H1,100-186,100-191,0.0080514
2023-12-23 00:31:20.700,9128283H1,100-187,100-192,0.0151112
2023-12-23 00:31:20.711,9128283H1,100-190,100-193,0.0133467
2023-12-23 00:31:20.727,9128283H1,100-191,100-19+,0.0129995
2023-12-23 00:31:20.744,9128283H1,100-192,100-195,0.00803339
2023-12-23 00:31:20.752,9128283H1,100-193,100-196,0.0106759
2023-12-23 00:31:20.756,9128283H1,100-19+,100-197,0.0153416
2023-12-23 00:31:20.764,9128283H1,100-195,100-200,0.00982238
2023-12-23 00:31:20.771,9128283H1,100-196,100-201,0.00834756
2023-12-23 00:31:20.791,9128283H1,100-197,100-202,0.00891304
2023-12-23 00:31:20.792,9128283H1,100-200,100-203,0.0124271
2023-12-23 00:31:20.794,9128283H1,100-201,100-20+,0.00957705
2023-12-23 00:31:20.796,9128283H1,100-202,100-205,0.0145199
2023-12-23 00:31:20.801,9128283H1,100-203,100-206,0.01066
2023-12-23 00:31:20.805,9128283H1,100-20+,100-207,0.00926036
2023-12-23 00:31:20.821,9128283H1,100-205,100-210,0.014261
2023-12-23 00:31:20.828,9128283H1,100-206,100-211,0.0146854
2023-12-23 00:31:20.847,9128283H1,100-207,100-212,0.00911273
2023-12-23 00:31:20.849,9128283H1,100-210,100-213,0.0107207
2023-12-23 00:31:20.865,9128283H1,100-211,100-21+,0.00825078
2023-12-23 00:31:20.885,9128283H1,100-212,100-215,0.00890669
2023-12-23 00:31:20.904,9128283H1,100-213,100-216,0.00811263
2023-12-23 00:31:20.923,9128283H1,100-21+,100-217,0.0114362
2023-12-23 00:31:20.925,9128283H1,100-215,100-220,0.00803571
2023-12-23 00:31:20.928,9128283H1,100-216,100-221,0.0137218
2023-12-23 00:31:20.946,9128283H1,100-217,100-222,0.0149891
2023-12-23 00:31:20.948,9128283H1,100-220,100-223,0.0149514
2023-12-23 00:31:20.958,9128283H1,100-221,100-22+,0.0124935
2023-12-23 00:31:20.968,9128283H1,100-222,100-225,0.0123882
2023-12-23 00:31:20.978,9128283H1,100-223,100-226,0.0120774
2023-12-23 00:31:20.980,9128283H1,100-22+,100-227,0.0088688
2023-12-23 00:31:20.990,9128283H1,100-225,100-230,0.00896734
2023-12-23 00:31:21.002,9128283H1,100-226,100-231,0.0125278
2023-12-23 00:31:21.004,9128283H1,100-227,100-232,0.0145772
2023-12-23 00:31:21.016,9128283H1,100-230,100-233,0.01315
2023-12-23 00:31:21.021,9128283H1,100-231,100-23+,0.0128369
2023-12-23 00:31:21.040,9128283H1,100-232,100-235,0.0118726
2023-12-23 00:31:21.051,9128283H1,100-233,100-236,0.0155641
2023-12-23 00:31:21.055,9128283H1,100-23+,100-237,0.0118216
2023-12-23 00:31:21.064,9128283H1,100-235,100-240,0.0145974
2023-12-23 00:31:21.075,9128283H1,100-236,100-241,0.0082363
2023-12-23 00:31:21.089,9128283H1,100-237,100-242,0.00975331
2023-12-23 00:31:21.107,9128283H1,100-240,100-243,0.00856164
2023-12-23 00:31:21.124,9128283H1,100-241,100-24+,0.0154155
2023-12-23 00:31:21.131,9128283H1,100-242,100-245,0.0139705
2023-12-23 00:31:21.132,9128283H1,100-243,100-246,0.00992777
2023-12-23 00:31:21.144,9128283H1,100-24+,100-247,0.0078902
2023-12-23 00:31:21.157,9128283H1,100-245,100-250,0.0126548
2023-12-23 00:31:21.177,9128283H1,100-246,100-251,0.0146048
2023-12-23 00:31:21.180,9128283H1,100-247,100-252,0.0108597
2023-12-23 00:31:21.183,9128283H1,100-250,100-253,0.0110545
2023-12-23 00:31:21.197,9128283H1,100-251,100-25+,0.0153987
2023-12-23 00:31:21.198,9128283H1,100-252,100-255,0.0118748
2023-12-23 00:31:21.213,9128283H1,100-253,100-256,0.0106752
2023-12-23 00:31:21.230,9128283H1,100-25+,100-257,0.00821642
2023-12-23 00:31:21.247,9128283H1,100-255,100-260,0.0080114
2023-12-23 00:31:21.252,9128283H1,100-256,100-261,0.0128539
2023-12-23 00:31:21.269,9128283H1,100-257,100-262,0.00917049
2023-12-23 00:31:21.281,9128283H1,100-260,100-263,0.00825906
2023-12-23 00:31:21.295,9128283H1,100-261,100-26+,0.0108608
2023-12-23 00:31:21.300,9128283H1,100-262,100-265,0.0129073
2023-12-23 00:31:21.304,9128283H1,100-263,100-266,0.0109233
2023-12-23 00:31:21.324,9128283H1,100-26+,100-267,0.00959113
2023-12-23 00:31:21.334,9128283H1,100-265,100-270,0.014503
2023-12-23 00:31:21.354,9128283H1,100-266,100-271,0.0119393
2023-12-23 00:31:21.374,9128283H1,100-267,100-272,0.0130238
2023-12-23 00:31:21.384,9128283H1,100-270,100-273,0.0124046
2023-12-23 00:31:21.388,9128283H1,100-271,100-27+,0.0113474
2023-12-23 00:31:21.392,9128283H1,100-272,100-275,0.0126272
2023-12-23 00:31:21.412,9128283H1,100-273,100-276,0.00974711
2023-12-23 00:31:21.423,9128283H1,100-27+,100-277,0.00834122
2023-12-23 00:31:21.424,9128283H1,100-275,100-280,0.00876923
2023-12-23 00:31:21.428,9128283H1,100-276,100-281,0.0154148
2023-12-23 00:31:21.445,9128283H1,100-277,100-282,0.00997177
2023-12-23 00:31:21.452,9128283H1,100-280,100-283,0.0109445
2023-12-23 00:31:21.464,9128283H1,100-281,100-28+,0.0135666
2023-12-23 00:31:21.479,9128283H1,100-282,100-285,0.00787727
2023-12-23 00:31:21.498,9128283H1,100-283,100-286,0.0125918
2023-12-23 00:31:21.504,9128283H1,100-28+,100-287,0.0111656
2023-12-23 00:31:21.524,9128283H1,100-285,100-290,0.00893909
2023-12-23 00:31:21.535,9128283H1,100-286,100-291,0.0149047
2023-12-23 00:31:21.538,9128283H1,100-287,100-292,0.0147795
2023-12-23 00:31:21.542,9128283H1,100-290,100-293,0.00929878
2023-12-23 00:31:21.551,9128283H1,100-291,100-29+,0.00976275
2023-12-23 00:31:21.567,9128283H1,100-292,100-295,0.0115124
2023-12-23 00:31:21.573,9128283H1,100-293,100-296,0.0107968
2023-12-23 00:31:21.579,9128283H1,100-29+,100-297,0.0126798
2023-12-23 00:31:21.584,9128283H1,100-295,100-300,0.00864223
2023-12-23 00:31:21.603,9128283H1,100-296,100-301,0.00842451
2023-12-23 00:31:21.605,9128283H1,100-297,100-302,0.0127121
2023-12-23 00:31:21.612,9128283H1,100-300,100-303,0.00818303
2023-12-23 00:31:21.616,9128283H1,100-301,100-30+,0.0145552
2023-12-23 00:31:21.636,9128283H1,100-302,100-305,0.00941918
2023-12-23 00:31:21.653,9128283H1,100-303,100-306,0.0148788
2023-12-23 00:31:21.666,9128283H1,100-30+,100-307,0.0150087
2023-12-23 00:31:21.678,9128283H1,100-305,100-310,0.0131673
2023-12-23 00:31:21.683,9128283H1,100-306,100-311,0.0121362
2023-12-23 00:31:21.691,9128283H1,100-307,100-312,0.0112026
2023-12-23 00:31:21.694,9128283H1,100-310,100-313,0.0141733
2023-12-23 00:31:21.697,9128283H1,100-311,100-31+,0.00808253
2023-12-23 00:31:21.702,9128283H1,100-312,100-315,0.0121172
2023-12-23 00:31:21.718,9128283H1,100-313,100-316,0.0124275
2023-12-23 00:31:21.720,9128283H1,100-31+,100-317,0.00884203
2023-12-23 00:31:21.721,9128283H1,100-315,101-000,0.012737
2023-12-23 00:31:21.733,9128283H1,100-316,101-001,0.01157
2023-12-23 00:31:21.746,9128283H1,100-315,101-000,0.0139784
2023-12-23 00:31:21.762,9128283H1,100-31+,100-317,0.00817364
2023-12-23 00:31:21.778,9128283H1,100-313,100-316,0.0112404
2023-12-23 00:31:21.791,9128283H1,100-312,100-315,0.0133336
2023-12-23 00:31:21.803,9128283H1,100-311,100-31+,0.0135017
2023-12-23 00:31:21.812,9128283H1,100-310,100-313,0.0107074
2023-12-23 00:31:21.814,9128283H1,100-307,100-312,0.0151187
2023-12-23 00:31:21.822,9128283H1,100-306,100-311,0.012975
2023-12-23 00:31:21.823,9128283H1,100-305,100-310,0.00882954
2023-12-23 00:31:21.837,9128283H1,100-30+,100-307,0.0138568
2023-12-23 00:31:21.840,9128283H1,100-303,100-306,0.0127942
2023-12-23 00:31:21.852,9128283H1,100-302,100-305,0.0125602
2023-12-23 00:31:21.864,9128283H1,100-301,100-30+,0.0115885
2023-12-23 00:31:21.884,9128283H1,100-300,100-303,0.0141452
2023-12-23 00:31:21.886,9128283H1,100-297,100-302,0.0112654
2023-12-23 00:31:21.888,9128283H1,100-296,100-301,0.0117902
2023-12-23 00:31:21.903,9128283H1,100-295,100-300,0.0125452
2023-12-23 00:31:21.918,9128283H1,100-29+,100-297,0.0151539
2023-12-23 00:31:21.937,9128283H1,100-293,100-296,0.00792982
2023-12-23 00:31:21.949,9128283H1,100-292,100-295,0.0102387
2023-12-23 00:31:21.963,9128283H1,100-291,100-29+,0.00964722
2023-12-23 00:31:21.969,9128283H1,100-290,100-293,0.0122341
2023-12-23 00:31:21.987,9128283H1,100-287,100-292,0.0118207
2023-12-23 00:31:21.992,9128283H1,100-286,100-291,0.0101319
2023-12-23 00:31:21.998,9128283H1,100-285,100-290,0.00825701
2023-12-23 00:31:22.009,9128283H1,100-28+,100-287,0.0102971
2023-12-23 00:31:22.016,9128283H1,100-283,100-286,0.0079636
2023-12-23 00:31:22.022,9128283H1,100-282,100-285,0.0152658
2023-12-23 00:31:22.024,9128283H1,100-281,100-28+,0.00809498
2023-12-23 00:31:22.040,9128283H1,100-280,100-283,0.00789419
2023-12-23 00:31:22.052,9128283H1,100-277,100-282,0.00990964
2023-12-23 00:31:22.056,9128283H1,100-276,100-281,0.0100942
2023-12-23 00:31:22.073,9128283H1,100-275,100-280,0.0104849
2023-12-23 00:31:22.084,9128283H1,100-27+,100-277,0.0117766
2023-12-23 00:31:22.104,9128283H1,100-273,100-276,0.00904692
2023-12-23 00:31:22.113,9128283H1,100-272,100-275,0.0108379
2023-12-23 00:31:22.114,9128283H1,100-271,100-27+,0.015621
2023-12-23 00:31:22.120,9128283H1,100-270,100-273,0.00864553
2023-12-23 00:31:22.121,9128283H1,100-267,100-272,0.0139083
2023-12-23 00:31:22.124,9128283H1,100-266,100-271,0.00953402
2023-12-23 00:31:22.130,9128283H1,100-265,100-270,0.0137746
2023-12-23 00:31:22.147,9128283H1,100-26+,100-267,0.0105715
2023-12-23 00:31:22.156,9128283H1,100-263,100-266,0.00811933
2023-12-23 00:31:22.157,9128283H1,100-262,100-265,0.00837138
2023-12-23 00:31:22.176,9128283H1,100-261,100-26+,0.0154356
2023-12-23 00:31:22.188,9128283H1,100-260,100-263,0.00908891
2023-12-23 00:31:22.206,9128283H1,100-257,100-262,0.0115104
2023-12-23 00:31:22.217,9128283H1,100-256,100-261,0.0111571
2023-12-23 00:31:22.222,9128283H1,100-255,100-260,0.0153408
2023-12-23 00:31:22.229,9128283H1,100-25+,100-257,0.0089727
2023-12-23 00:31:22.240,9128283H1,100-253,100-256,0.0132673
2023-12-23 00:31:22.253,9128283H1,100-252,100-255,0.00991348
2023-12-23 00:31:22.255,9128283H1,100-251,100-25+,0.0132609
2023-12-23 00:31:22.266,9128283H1,100-250,100-253,0.00893174
2023-12-23 00:31:22.282,9128283H1,100-247,100-252,0.00944035
2023-12-23 00:31:22.297,9128283H1,100-246,100-251,0.0140611
2023-12-23 00:31:22.314,9128283H1,100-245,100-250,0.0139717
2023-12-23 00:31:22.330,9128283H1,100-24+,100-247,0.00862708
2023-12-23 00:31:22.333,9128283H1,100-243,100-246,0.00785347
2023-12-23 00:31:22.347,9128283H1,100-242,100-245,0.0119815
2023-12-23 00:31:22.348,9128283H1,100-241,100-24+,0.0155004
2023-12-23 00:31:22.367,9128283H1,100-240,100-243,0.0142887
2023-12-23 00:31:22.374,9128283H1,100-237,100-242,0.00956616
2023-12-23 00:31:22.379,9128283H1,100-236,100-241,0.0145611
2023-12-23 00:31:22.387,9128283H1,100-235,100-240,0.0142809
2023-12-23 00:31:22.405,9128283H1,100-23+,100-237,0.0116351
2023-12-23 00:31:22.406,9128283H1,100-233,100-236,0.00929039
2023-12-23 00:31:22.421,9128283H1,100-232,100-235,0.0116132
2023-12-23 00:31:22.426,9128283H1,100-231,100-23+,0.0105063
2023-12-23 00:31:22.443,9128283H1,100-230,100-233,0.0140392
2023-12-23 00:31:22.454,9128283H1,100-227,100-232,0.0147725
2023-12-23 00:31:22.466,9128283H1,100-226,100-231,0.00879029
2023-12-23 00:31:22.472,9128283H1,100-225,100-230,0.0141251
2023-12-23 00:31:22.477,9128283H1,100-22+,100-227,0.0145809
2023-12-23 00:31:22.490,9128283H1,100-223,100-226,0.00882725
2023-12-23 00:31:22.495,9128283H1,100-222,100-225,0.0114204
2023-12-23 00:31:22.503,9128283H1,100-221,100-22+,0.01372
2023-12-23 00:31:22.521,9128283H1,100-220,100-223,0.00839089
2023-12-23 00:31:22.522,9128283H1,100-217,100-222,0.011266
2023-12-23 00:31:22.532,9128283H1,100-216,100-221,0.0136811
2023-12-23 00:31:22.546,9128283H1,100-215,100-220,0.0108883
2023-12-23 00:31:22.566,9128283H1,100-21+,100-217,0.0117469
2023-12-23 00:31:22.572,9128283H1,100-213,100-216,0.0100014
2023-12-23 00:31:22.576,9128283H1,100-212,100-215,0.0142437
2023-12-23 00:31:22.583,9128283H1,100-211,100-21+,0.00845239
2023-12-23 00:31:22.596,9128283H1,100-210,100-213,0.00932634
2023-12-23 00:31:22.607,9128283H1,100-207,100-212,0.0107592
2023-12-23 00:31:22.624,9128283H1,100-206,100-211,0.0124894
2023-12-23 00:31:22.636,9128283H1,100-205,100-210,0.00808786
2023-12-23 00:31:22.652,9128283H1,100-20+,100-207,0.0133056
2023-12-23 00:31:22.668,9128283H1,100-203,100-206,0.0124438
2023-12-23 00:31:22.685,9128283H1,100-202,100-205,0.0120271
2023-12-23 00:31:22.691,9128283H1,100-201,100-20+,0.0118041
2023-12-23 00:31:22.696,9128283H1,100-200,100-203,0.0112098
2023-12-23 00:31:22.703,9128283H1,100-197,100-202,0.00960115
2023-12-23 00:31:22.712,9128283H1,100-196,100-201,0.0150386
2023-12-23 00:31:22.725,9128283H1,100-195,100-200,0.0143654
2023-12-23 00:31:22.741,9128283H1,100-19+,100-197,0.0116993
2023-12-23 00:31:22.747,9128283H1,100-193,100-196,0.00933473
2023-12-23 00:31:22.757,9128283H1,100-192,100-195,0.00816797
2023-12-23 00:31:22.763,9128283H1,100-191,100-19+,0.0128858
2023-12-23 00:31:22.774,9128283H1,100-190,100-193,0.0145223
2023-12-23 00:31:22.780,9128283H1,100-187,100-192,0.0141947
2023-12-23 00:31:22.791,9128283H1,100-186,100-191,0.0143816
2023-12-23 00:31:22.801,9128283H1,100-185,100-190,0.00994054
2023-12-23 00:31:22.817,9128283H1,100-18+,100-187,0.0147579
2023-12-23 00:31:22.824,9128283H1,100-183,100-186,0.00921234
2023-12-23 00:31:22.825,9128283H1,100-182,100-185,0.0129091
2023-12-23 00:31:22.843,9128283H1,100-181,100-18+,0.0120615
2023-12-23 00:31:22.862,9128283H1,100-180,100-183,0.0116579
2023-12-23 00:31:22.870,9128283H1,100-177,100-182,0.00875758
2023-12-23 00:31:22.872,9128283H1,100-176,100-181,0.00959242
2023-12-23 00:31:22.876,9128283H1,100-175,100-180,0.0123729
2023-12-23 00:31:22.881,9128283H1,100-17+,100-177,0.00950136
2023-12-23 00:31:22.889,9128283H1,100-173,100-176,0.00997661
2023-12-23 00:31:22.897,9128283H1,100-172,100-175,0.00988645
2023-12-23 00:31:22.907,9128283H1,100-171,100-17+,0.00916006
2023-12-23 00:31:22.911,9128283H1,100-170,100-173,0.0113375
2023-12-23 00:31:22.917,9128283H1,100-167,100-172,0.0139916
2023-12-23 00:31:22.936,9128283H1,100-166,100-171,0.0127907
2023-12-23 00:31:22.945,9128283H1,100-165,100-170,0.0131355
2023-12-23 00:31:22.955,9128283H1,100-16+,100-167,0.011948
2023-12-23 00:31:22.974,9128283H1,100-163,100-166,0.0140404
2023-12-23 00:31:22.981,9128283H1,100-162,100-165,0.0129339
2023-12-23 00:31:22.986,9128283H1,100-161,100-16+,0.014542
2023-12-23 00:31:22.988,9128283H1,100-160,100-163,0.00832041
2023-12-23 00:31:22.992,9128283H1,100-157,100-162,0.00982591
2023-12-23 00:31:23.012,9128283H1,100-156,100-161,0.0145155
2023-12-23 00:31:23.027,9128283H1,100-155,100-160,0.0136924
2023-12-23 00:31:23.035,9128283H1,100-15+,100-157,0.0109381
2023-12-23 00:31:23.051,9128283H1,100-153,100-156,0.00983831
2023-12-23 00:31:23.053,9128283H1,100-152,100-155,0.0144189
2023-12-23 00:31:23.065,9128283H1,100-151,100-15+,0.0118575
2023-12-23 00:31:23.067,9128283H1,100-150,100-153,0.0117453
2023-12-23 00:31:23.087,9128283H1,100-147,100-152,0.00810891
2023-12-23 00:31:23.090,9128283H1,100-146,100-151,0.0152383
2023-12-23 00:31:23.106,9128283H1,100-145,100-150,0.0132526
2023-12-23 00:31:23.119,9128283H1,100-14+,100-147,0.0121072
2023-12-23 00:31:23.138,9128283H1,100-143,100-146,0.0118025
2023-12-23 00:31:23.145,9128283H1,100-142,100-145,0.0105981
2023-12-23 00:31:23.160,9128283H1,100-141,100-14+,0.0129444
2023-12-23 00:31:23.173,9128283H1,100-140,100-143,0.0109931
2023-12-23 00:31:23.174,9128283H1,100-137,100-142,0.00973512
2023-12-23 00:31:23.192,9128283H1,100-136,100-141,0.01366
2023-12-23 00:31:23.210,9128283H1,100-135,100-140,0.00852358
2023-12-23 00:31:23.227,9128283H1,100-13+,100-137,0.0130428
2023-12-23 00:31:23.237,9128283H1,100-133,100-136,0.0118522
2023-12-23 00:31:23.253,9128283H1,100-132,100-135,0.0109877
2023-12-23 00:31:23.265,9128283H1,100-131,100-13+,0.01049
2023-12-23 00:31:23.274,9128283H1,100-130,100-133,0.00897322
2023-12-23 00:31:23.277,9128283H1,100-127,100-132,0.0141715
2023-12-23 00:31:23.286,9128283H1,100-126,100-131,0.0116522
2023-12-23 00:31:23.293,9128283H1,100-125,100-130,0.0107248
2023-12-23 00:31:23.310,9128283H1,100-12+,100-127,0.0125409
2023-12-23 00:31:23.322,9128283H1,100-123,100-126,0.00962887
2023-12-23 00:31:23.334,9128283H1,100-122,100-125,0.0153612
2023-12-23 00:31:23.342,9128283H1,100-121,100-12+,0.00919879
2023-12-23 00:31:23.344,9128283H1,100-120,100-123,0.0134102
2023-12-23 00:31:23.352,9128283H1,100-117,100-122,0.0079233
2023-12-23 00:31:23.367,9128283H1,100-116,100-121,0.00809491
2023-12-23 00:31:23.377,9128283H1,100-115,100-120,0.0142825
2023-12-23 00:31:23.394,9128283H1,100-11+,100-117,0.0121546
2023-12-23 00:31:23.409,9128283H1,100-113,100-116,0.00826574
2023-12-23 00:31:23.418,9128283H1,100-112,100-115,0.0140106
2023-12-23 00:31:23.432,9128283H1,100-111,100-11+,0.00799737
2023-12-23 00:31:23.440,9128283H1,100-110,100-113,0.0100011
2023-12-23 00:31:23.442,9128283H1,100-107,100-112,0.0122515
2023-12-23 00:31:23.461,9128283H1,100-106,100-111,0.0129147
2023-12-23 00:31:23.471,9128283H1,100-105,100-110,0.00982815
2023-12-23 00:31:23.477,9128283H1,100-10+,100-107,0.00878348
2023-12-23 00:31:23.497,9128283H1,100-103,100-106,0.01064
2023-12-23 00:31:23.514,9128283H1,100-102,100-105,0.00784931
2023-12-23 00:31:23.525,9128283H1,100-101,100-10+,0.0112326
2023-12-23 00:31:23.533,9128283H1,100-100,100-103,0.0118767
2023-12-23 00:31:23.551,9128283H1,100-097,100-102,0.0120724
2023-12-23 00:31:23.565,9128283H1,100-096,100-101,0.0148457
2023-12-23 00:31:23.581,9128283H1,100-095,100-100,0.0104645
2023-12-23 00:31:23.583,9128283H1,100-09+,100-097,0.00825433
2023-12-23 00:31:23.598,9128283H1,100-093,100-096,0.00998018
2023-12-23 00:31:23.618,9128283H1,100-092,100-095,0.00910144
2023-12-23 00:31:23.627,9128283H1,100-091,100-09+,0.0111205
2023-12-23 00:31:23.629,9128283H1,100-090,100-093,0.0108283
2023-12-23 00:31:23.648,9128283H1,100-087,100-092,0.00803961
2023-12-23 00:31:23.658,9128283H1,100-086,100-091,0.0127974
2023-12-23 00:31:23.666,9128283H1,100-085,100-090,0.0145195
2023-12-23 00:31:23.672,9128283H1,100-08+,100-087,0.014439
2023-12-23 00:31:23.675,9128283H1,100-083,100-086,0.0104088
2023-12-23 00:31:23.682,9128283H1,100-082,100-085,0.00970132
2023-12-23 00:31:23.692,9128283H1,100-081,100-08+,0.014547
2023-12-23 00:31:23.693,9128283H1,100-080,100-083,0.0098959
2023-12-23 00:31:23.696,9128283H1,100-077,100-082,0.0109869
2023-12-23 00:31:23.708,9128283H1,100-076,100-081,0.013115
2023-12-23 00:31:23.719,9128283H1,100-075,100-080,0.0137332
2023-12-23 00:31:23.733,9128283H1,100-07+,100-077,0.015184
2023-12-23 00:31:23.748,9128283H1,100-073,100-076,0.00991267
2023-12-23 00:31:23.761,9128283H1,100-072,100-075,0.00939968
2023-12-23 00:31:23.763,9128283H1,100-071,100-07+,0.008741
2023-12-23 00:31:23.775,9128283H1,100-070,100-073,0.0084564
2023-12-23 00:31:23.781,9128283H1,100-067,100-072,0.0139302
2023-12-23 00:31:23.794,9128283H1,100-066,100-071,0.011315
2023-12-23 00:31:23.801,9128283H1,100-065,100-070,0.0142951
2023-12-23 00:31:23.810,9128283H1,100-06+,100-067,0.0098603
2023-12-23 00:31:23.829,9128283H1,100-063,100-066,0.0129143
2023-12-23 00:31:23.839,9128283H1,100-062,100-065,0.0115817
2023-12-23 00:31:23.856,9128283H1,100-061,100-06+,0.0149878
2023-12-23 00:31:23.864,9128283H1,100-060,100-063,0.010385
2023-12-23 00:31:23.877,9128283H1,100-057,100-062,0.00880985
2023-12-23 00:31:23.880,9128283H1,100-056,100-061,0.0138976
2023-12-23 00:31:23.894,9128283H1,100-055,100-060,0.0126645
2023-12-23 00:31:23.910,9128283H1,100-05+,100-057,0.0144073
2023-12-23 00:31:23.924,9128283H1,100-053,100-056,0.0113996
2023-12-23 00:31:23.940,9128283H1,100-052,100-055,0.0139622
2023-12-23 00:31:23.953,9128283H1,100-051,100-05+,0.0127075
2023-12-23 00:31:23.970,9128283H1,100-050,100-053,0.00936906
2023-12-23 00:31:23.983,9128283H1,100-047,100-052,0.0147163
2023-12-23 00:31:23.994,9128283H1,100-046,100-051,0.0124995
2023-12-23 00:31:24.003,9128283H1,100-045,100-050,0.0104234
2023-12-23 00:31:24.006,9128283H1,100-04+,100-047,0.0129711
2023-12-23 00:31:24.025,9128283H1,100-043,100-046,0.0133828
2023-12-23 00:31:24.045,9128283H1,100-042,100-045,0.00897815
2023-12-23 00:31:24.058,9128283H1,100-041,100-04+,0.0086821
2023-12-23 00:31:24.078,9128283H1,100-040,100-043,0.0146601
2023-12-23 00:31:24.083,9128283H1,100-037,100-042,0.00910875
2023-12-23 00:31:24.094,9128283H1,100-036,100-041,0.00913157
2023-12-23 00:31:24.112,9128283H1,100-035,100-040,0.0143061
2023-12-23 00:31:24.130,9128283H1,100-03+,100-037,0.0126047
2023-12-23 00:31:24.134,9128283H1,100-033,100-036,0.0101847
2023-12-23 00:31:24.147,9128283H1,100-032,100-035,0.0149164
2023-12-23 00:31:24.163,9128283H1,100-031,100-03+,0.0124639
2023-12-23 00:31:24.183,9128283H1,100-030,100-033,0.0102983
2023-12-23 00:31:24.191,9128283H1,100-027,100-032,0.0114207
2023-12-23 00:31:24.200,9128283H1,100-026,100-031,0.0107898
2023-12-23 00:31:24.207,9128283H1,100-025,100-030,0.00978721
2023-12-23 00:31:24.213,9128283H1,100-02+,100-027,0.0135633
2023-12-23 00:31:24.214,9128283H1,100-023,100-026,0.0138879
2023-12-23 00:31:24.231,9128283H1,100-022,100-025,0.0124512
2023-12-23 00:31:24.251,9128283H1,100-021,100-02+,0.0140632
2023-12-23 00:31:24.256,9128283H1,100-020,100-023,0.0103516
2023-12-23 00:31:24.264,9128283H1,100-017,100-022,0.0123278
2023-12-23 00:31:24.275,9128283H1,100-016,100-021,0.0131083
2023-12-23 00:31:24.284,9128283H1,100-015,100-020,0.0100389
2023-12-23 00:31:24.289,9128283H1,100-01+,100-017,0.00945125
2023-12-23 00:31:24.307,9128283H1,100-013,100-016,0.0124836
2023-12-23 00:31:24.316,9128283H1,100-012,100-015,0.00809888
2023-12-23 00:31:24.318,9128283H1,100-011,100-01+,0.0123587
2023-12-23 00:31:24.319,9128283H1,100-010,100-013,0.0152408
2023-12-23 00:31:24.335,9128283H1,100-007,100-012,0.011601
2023-12-23 00:31:24.350,9128283H1,100-006,100-011,0.0152423
2023-12-23 00:31:24.364,9128283H1,100-005,100-010,0.0111661
2023-12-23 00:31:24.374,9128283H1,100-00+,100-007,0.00937068
2023-12-23 00:31:24.393,9128283H1,100-003,100-006,0.0122066
2023-12-23 00:31:24.408,9128283H1,100-002,100-005,0.0130922
2023-12-23 00:31:24.421,9128283H1,100-001,100-00+,0.00985044
2023-12-23 00:31:24.430,9128283H1,100-000,100-003,0.00895242
2023-12-23 00:31:24.434,9128283H1,99-317,100-002,0.0136901
2023-12-23 00:31:24.446,9128283H1,99-316,100-001,0.0110605
2023-12-23 00:31:24.452,9128283H1,99-315,100-000,0.0125221
2023-12-23 00:31:24.458,9128283H1,99-31+,99-317,0.0119699
2023-12-23 00:31:24.466,9128283H1,99-313,99-316,0.0129378
2023-12-23 00:31:24.481,9128283H1,99-312,99-315,0.0108915
2023-12-23 00:31:24.483,9128283H1,99-311,99-31+,0.00961398
2023-12-23 00:31:24.498,9128283H1,99-310,99-313,0.0150325
2023-12-23 00:31:24.511,9128283H1,99-307,99-312,0.00806706
2023-12-23 00:31:24.523,9128283H1,99-306,99-311,0.00844736
2023-12-23 00:31:24.531,9128283H1,99-305,99-310,0.0110458
2023-12-23 00:31:24.544,9128283H1,99-30+,99-307,0.00924701
2023-12-23 00:31:24.545,9128283H1,99-303,99-306,0.0110745
2023-12-23 00:31:24.558,9128283H1,99-302,99-305,0.0129236
2023-12-23 00:31:24.559,9128283H1,99-301,99-30+,0.012095
2023-12-23 00:31:24.570,9128283H1,99-300,99-303,0.0122756
2023-12-23 00:31:24.580,9128283H1,99-297,99-302,0.0145475
2023-12-23 00:31:24.586,9128283H1,99-296,99-301,0.0150568
2023-12-23 00:31:24.595,9128283H1,99-295,99-300,0.014697
2023-12-23 00:31:24.603,9128283H1,99-29+,99-297,0.0112815
2023-12-23 00:31:24.614,9128283H1,99-293,99-296,0.012748
2023-12-23 00:31:24.630,9128283H1,99-292,99-295,0.0146471
2023-12-23 00:31:24.637,9128283H1,99-291,99-29+,0.0147827
2023-12-23 00:31:24.646,9128283H1,99-290,99-293,0.0102202
2023-12-23 00:31:24.653,9128283H1,99-287,99-292,0.010607
2023-12-23 00:31:24.673,9128283H1,99-286,99-291,0.00911454
2023-12-23 00:31:24.680,9128283H1,99-285,99-290,0.00882441
2023-12-23 00:31:24.689,9128283H1,99-28+,99-287,0.00941678
2023-12-23 00:31:24.709,9128283H1,99-283,99-286,0.00942631
2023-12-23 00:31:24.717,9128283H1,99-282,99-285,0.0139318
2023-12-23 00:31:24.723,9128283H1,99-281,99-28+,0.00912391
2023-12-23 00:31:24.736,9128283H1,99-280,99-283,0.0101866
2023-12-23 00:31:24.751,9128283H1,99-277,99-282,0.0138861
2023-12-23 00:31:24.770,9128283H1,99-276,99-281,0.0103517
2023-12-23 00:31:24.790,9128283H1,99-275,99-280,0.0105835
2023-12-23 00:31:24.798,9128283H1,99-27+,99-277,0.012884
2023-12-23 00:31:24.807,9128283H1,99-273,99-276,0.0112942
2023-12-23 00:31:24.818,9128283H1,99-272,99-275,0.0126388
2023-12-23 00:31:24.832,9128283H1,99-271,99-27+,0.00878502
2023-12-23 00:31:24.833,9128283H1,99-270,99-273,0.0138576
2023-12-23 00:31:24.848,9128283H1,99-267,99-272,0.0115258
2023-12-23 00:31:24.850,9128283H1,99-266,99-271,0.0079547
2023-12-23 00:31:24.865,9128283H1,99-265,99-270,0.00909478
2023-12-23 00:31:24.875,9128283H1,99-26+,99-267,0.00847827
2023-12-23 00:31:24.891,9128283H1,99-263,99-266,0.0131357
2023-12-23 00:31:24.901,9128283H1,99-262,99-265,0.012041
2023-12-23 00:31:24.902,9128283H1,99-261,99-26+,0.0122443
2023-12-23 00:31:24.911,9128283H1,99-260,99-263,0.00808464
2023-12-23 00:31:24.927,9128283H1,99-257,99-262,0.00962235
2023-12-23 00:31:24.942,9128283H1,99-256,99-261,0.00824135
2023-12-23 00:31:24.947,9128283H1,99-255,99-260,0.00912285
2023-12-23 00:31:24.959,9128283H1,99-25+,99-257,0.0102839
2023-12-23 00:31:24.973,9128283H1,99-253,99-256,0.00986252
2023-12-23 00:31:24.986,9128283H1,99-252,99-255,0.014275
2023-12-23 00:31:24.990,9128283H1,99-251,99-25+,0.00933178
2023-12-23 00:31:25.001,9128283H1,99-250,99-253,0.00896255
2023-12-23 00:31:25.020,9128283H1,99-247,99-252,0.00842122
2023-12-23 00:31:25.037,9128283H1,99-246,99-251,0.0127009
2023-12-23 00:31:25.047,9128283H1,99-245,99-250,0.00956697
2023-12-23 00:31:25.061,9128283H1,99-24+,99-247,0.0123435
2023-12-23 00:31:25.078,9128283H1,99-243,99-246,0.0107704
2023-12-23 00:31:25.079,9128283H1,99-242,99-245,0.0130192
2023-12-23 00:31:25.097,9128283H1,99-241,99-24+,0.00887832
2023-12-23 00:31:25.107,9128283H1,99-240,99-243,0.0149054
2023-12-23 00:31:25.119,9128283H1,99-237,99-242,0.0113597
2023-12-23 00:31:25.129,9128283H1,99-236,99-241,0.00839579
2023-12-23 00:31:25.142,9128283H1,99-235,99-240,0.0117721
2023-12-23 00:31:25.154,9128283H1,99-23+,99-237,0.0138634
2023-12-23 00:31:25.171,9128283H1,99-233,99-236,0.0144282
2023-12-23 00:31:25.178,9128283H1,99-232,99-235,0.00868852
2023-12-23 00:31:25.187,9128283H1,99-231,99-23+,0.00846711
2023-12-23 00:31:25.205,9128283H1,99-230,99-233,0.0114216
2023-12-23 00:31:25.209,9128283H1,99-227,99-232,0.00871533
2023-12-23 00:31:25.225,9128283H1,99-226,99-231,0.00998406
2023-12-23 00:31:25.229,9128283H1,99-225,99-230,0.00852208
2023-12-23 00:31:25.235,9128283H1,99-22+,99-227,0.00964513
2023-12-23 00:31:25.253,9128283H1,99-223,99-226,0.00958812
2023-12-23 00:31:25.256,9128283H1,99-222,99-225,0.00841997
2023-12-23 00:31:25.258,9128283H1,99-221,99-22+,0.0124911
2023-12-23 00:31:25.274,9128283H1,99-220,99-223,0.0111429
2023-12-23 00:31:25.277,9128283H1,99-217,99-222,0.0108704
2023-12-23 00:31:25.279,9128283H1,99-216,99-221,0.00808798
2023-12-23 00:31:25.282,9128283H1,99-215,99-220,0.0132915
2023-12-23 00:31:25.286,9128283H1,99-21+,99-217,0.0144071
2023-12-23 00:31:25.297,9128283H1,99-213,99-216,0.00923391
2023-12-23 00:31:25.301,9128283H1,99-212,99-215,0.0131125
2023-12-23 00:31:25.318,9128283H1,99-211,99-21+,0.00862524
2023-12-23 00:31:25.336,9128283H1,99-210,99-213,0.0109008
2023-12-23 00:31:25.345,9128283H1,99-207,99-212,0.00928434
2023-12-23 00:31:25.349,9128283H1,99-206,99-211,0.00837528
2023-12-23 00:31:25.366,9128283H1,99-205,99-210,0.0102953
2023-12-23 00:31:25.386,9128283H1,99-20+,99-207,0.0149529
2023-12-23 00:31:25.394,9128283H1,99-203,99-206,0.0104558
2023-12-23 00:31:25.406,9128283H1,99-202,99-205,0.00946259
2023-12-23 00:31:25.409,9128283H1,99-201,99-20+,0.0128774
2023-12-23 00:31:25.421,9128283H1,99-200,99-203,0.0155608
2023-12-23 00:31:25.428,9128283H1,99-197,99-202,0.0137137
2023-12-23 00:31:25.445,9128283H1,99-196,99-201,0.00966665
2023-12-23 00:31:25.465,9128283H1,99-195,99-200,0.010355
2023-12-23 00:31:25.478,9128283H1,99-19+,99-197,0.0111105
2023-12-23 00:31:25.481,9128283H1,99-193,99-196,0.00791294
2023-12-23 00:31:25.486,9128283H1,99-192,99-195,0.0115741
2023-12-23 00:31:25.499,9128283H1,99-191,99-19+,0.00924235
2023-12-23 00:31:25.504,9128283H1,99-190,99-193,0.0146803
2023-12-23 00:31:25.518,9128283H1,99-187,99-192,0.0129285
2023-12-23 00:31:25.521,9128283H1,99-186,99-191,0.00811438
2023-12-23 00:31:25.534,9128283H1,99-185,99-190,0.0147365
2023-12-23 00:31:25.535,9128283H1,99-18+,99-187,0.0117076
2023-12-23 00:31:25.553,9128283H1,99-183,99-186,0.00934274
2023-12-23 00:31:25.564,9128283H1,99-182,99-185,0.0145799
2023-12-23 00:31:25.583,9128283H1,99-181,99-18+,0.0148764
2023-12-23 00:31:25.596,9128283H1,99-180,99-183,0.0133101
2023-12-23 00:31:25.606,9128283H1,99-177,99-182,0.0134431
2023-12-23 00:31:25.619,9128283H1,99-176,99-181,0.00944291
2023-12-23 00:31:25.625,9128283H1,99-175,99-180,0.00804473
2023-12-23 00:31:25.630,9128283H1,99-17+,99-177,0.011431
2023-12-23 00:31:25.636,9128283H1,99-173,99-176,0.0155052
2023-12-23 00:31:25.649,9128283H1,99-172,99-175,0.0114129
2023-12-23 00:31:25.655,9128283H1,99-171,99-17+,0.0112556
2023-12-23 00:31:25.666,9128283H1,99-170,99-173,0.0125067
2023-12-23 00:31:25.673,9128283H1,99-167,99-172,0.0130199
2023-12-23 00:31:25.681,9128283H1,99-166,99-171,0.00950729
2023-12-23 00:31:25.697,9128283H1,99-165,99-170,0.0121442
2023-12-23 00:31:25.707,9128283H1,99-16+,99-167,0.0117358
2023-12-23 00:31:25.719,9128283H1,99-163,99-166,0.00981467
2023-12-23 00:31:25.732,9128283H1,99-162,99-165,0.0132737
2023-12-23 00:31:25.736,9128283H1,99-161,99-16+,0.0113449
2023-12-23 00:31:25.754,9128283H1,99-160,99-163,0.0130448
2023-12-23 00:31:25.763,9128283H1,99-157,99-162,0.0112967
2023-12-23 00:31:25.774,9128283H1,99-156,99-161,0.0134463
2023-12-23 00:31:25.785,9128283H1,99-155,99-160,0.0126314
2023-12-23 00:31:25.800,9128283H1,99-15+,99-157,0.0148475
2023-12-23 00:31:25.802,9128283H1,99-153,99-156,0.0130712
2023-12-23 00:31:25.807,9128283H1,99-152,99-155,0.0126973
2023-12-23 00:31:25.816,9128283H1,99-151,99-15+,0.00968223
2023-12-23 00:31:25.836,9128283H1,99-150,99-153,0.0141659
2023-12-23 00:31:25.841,9128283H1,99-147,99-152,0.0106306
2023-12-23 00:31:25.846,9128283H1,99-146,99-151,0.0105351
2023-12-23 00:31:25.854,9128283H1,99-145,99-150,0.0107569
2023-12-23 00:31:25.870,9128283H1,99-14+,99-147,0.015575
2023-12-23 00:31:25.886,9128283H1,99-143,99-146,0.0145971
2023-12-23 00:31:25.888,9128283H1,99-142,99-145,0.0120392
2023-12-23 00:31:25.893,9128283H1,99-141,99-14+,0.0148831
2023-12-23 00:31:25.904,9128283H1,99-140,99-143,0.0147929
2023-12-23 00:31:25.914,9128283H1,99-137,99-142,0.0116952
2023-12-23 00:31:25.924,9128283H1,99-136,99-141,0.00969476
2023-12-23 00:31:25.933,9128283H1,99-135,99-140,0.0141582
2023-12-23 00:31:25.934,9128283H1,99-13+,99-137,0.0114117
2023-12-23 00:31:25.946,9128283H1,99-133,99-136,0.0138852
2023-12-23 00:31:25.949,9128283H1,99-132,99-135,0.0149589
2023-12-23 00:31:25.950,9128283H1,99-131,99-13+,0.0152963
2023-12-23 00:31:25.958,9128283H1,99-130,99-133,0.0134168
2023-12-23 00:31:25.975,9128283H1,99-127,99-132,0.00786177
2023-12-23 00:31:25.995,9128283H1,99-126,99-131,0.0128652
2023-12-23 00:31:26.000,9128283H1,99-125,99-130,0.0153987
2023-12-23 00:31:26.006,9128283H1,99-12+,99-127,0.014756
2023-12-23 00:31:26.017,9128283H1,99-123,99-126,0.00782422
2023-12-23 00:31:26.036,9128283H1,99-122,99-125,0.0133507
2023-12-23 00:31:26.037,9128283H1,99-121,99-12+,0.00919397
2023-12-23 00:31:26.039,9128283H1,99-120,99-123,0.0136783
2023-12-23 00:31:26.042,9128283H1,99-117,99-122,0.00962374
2023-12-23 00:31:26.046,9128283H1,99-116,99-121,0.00902707
2023-12-23 00:31:26.053,9128283H1,99-115,99-120,0.0103279
2023-12-23 00:31:26.067,9128283H1,99-11+,99-117,0.0130587
2023-12-23 00:31:26.079,9128283H1,99-113,99-116,0.0083017
2023-12-23 00:31:26.089,9128283H1,99-112,99-115,0.0104834
2023-12-23 00:31:26.104,9128283H1,99-111,99-11+,0.010578
2023-12-23 00:31:26.114,9128283H1,99-110,99-113,0.0106498
2023-12-23 00:31:26.119,9128283H1,99-107,99-112,0.0153324
2023-12-23 00:31:26.136,9128283H1,99-106,99-111,0.0140257
2023-12-23 00:31:26.142,9128283H1,99-105,99-110,0.0154985
2023-12-23 00:31:26.156,9128283H1,99-10+,99-107,0.014293
2023-12-23 00:31:26.162,9128283H1,99-103,99-106,0.00930248
2023-12-23 00:31:26.182,9128283H1,99-102,99-105,0.0103724
2023-12-23 00:31:26.184,9128283H1,99-101,99-10+,0.0108769
2023-12-23 00:31:26.199,9128283H1,99-100,99-103,0.011742
2023-12-23 00:31:26.218,9128283H1,99-097,99-102,0.00892623
2023-12-23 00:31:26.221,9128283H1,99-096,99-101,0.00859372
2023-12-23 00:31:26.238,9128283H1,99-095,99-100,0.0117646
2023-12-23 00:31:26.254,9128283H1,99-09+,99-097,0.0128293
2023-12-23 00:31:26.262,9128283H1,99-093,99-096,0.0134062
2023-12-23 00:31:26.269,9128283H1,99-092,99-095,0.0113612
2023-12-23 00:31:26.288,9128283H1,99-091,99-09+,0.0150156
2023-12-23 00:31:26.299,9128283H1,99-090,99-093,0.00977473
2023-12-23 00:31:26.318,9128283H1,99-087,99-092,0.00971413
2023-12-23 00:31:26.335,9128283H1,99-086,99-091,0.0110863
2023-12-23 00:31:26.340,9128283H1,99-085,99-090,0.00815935
2023-12-23 00:31:26.356,9128283H1,99-08+,99-087,0.0115367
2023-12-23 00:31:26.364,9128283H1,99-083,99-086,0.011452
2023-12-23 00:31:26.369,9128283H1,99-082,99-085,0.0126832
2023-12-23 00:31:26.375,9128283H1,99-081,99-08+,0.0116853
2023-12-23 00:31:26.387,9128283H1,99-080,99-083,0.0134525
2023-12-23 00:31:26.391,9128283H1,99-077,99-082,0.00846652
2023-12-23 00:31:26.392,9128283H1,99-076,99-081,0.00893014
2023-12-23 00:31:26.396,9128283H1,99-075,99-080,0.00877576
2023-12-23 00:31:26.402,9128283H1,99-07+,99-077,0.0138106
2023-12-23 00:31:26.421,9128283H1,99-073,99-076,0.0108578
2023-12-23 00:31:26.429,9128283H1,99-072,99-075,0.0148614
2023-12-23 00:31:26.432,9128283H1,99-071,99-07+,0.0123599
2023-12-23 00:31:26.437,9128283H1,99-070,99-073,0.0155321
2023-12-23 00:31:26.450,9128283H1,99-067,99-072,0.00944276
2023-12-23 00:31:26.457,9128283H1,99-066,99-071,0.0151626
2023-12-23 00:31:26.472,9128283H1,99-065,99-070,0.0132344
2023-12-23 00:31:26.476,9128283H1,99-06+,99-067,0.0103505
2023-12-23 00:31:26.486,9128283H1,99-063,99-066,0.0128875
2023-12-23 00:31:26.504,9128283H1,99-062,99-065,0.0140023
2023-12-23 00:31:26.520,9128283H1,99-061,99-06+,0.0150396
2023-12-23 00:31:26.528,9128283H1,99-060,99-063,0.0102128
2023-12-23 00:31:26.534,9128283H1,99-057,99-062,0.00982238
2023-12-23 00:31:26.552,9128283H1,99-056,99-061,0.00782847
2023-12-23 00:31:26.563,9128283H1,99-055,99-060,0.0126149
2023-12-23 00:31:26.569,9128283H1,99-05+,99-057,0.0143806
2023-12-23 00:31:26.589,9128283H1,99-053,99-056,0.0122316
2023-12-23 00:31:26.594,9128283H1,99-052,99-055,0.0118407
2023-12-23 00:31:26.596,9128283H1,99-051,99-05+,0.0143635
2023-12-23 00:31:26.600,9128283H1,99-050,99-053,0.0104382
2023-12-23 00:31:26.616,9128283H1,99-047,99-052,0.0139007
2023-12-23 00:31:26.617,9128283H1,99-046,99-051,0.00921988
2023-12-23 00:31:26.622,9128283H1,99-045,99-050,0.00907633
2023-12-23 00:31:26.631,9128283H1,99-04+,99-047,0.0128446
2023-12-23 00:31:26.645,9128283H1,99-043,99-046,0.0122831
2023-12-23 00:31:26.660,9128283H1,99-042,99-045,0.00829518
2023-12-23 00:31:26.671,9128283H1,99-041,99-04+,0.0103646
2023-12-23 00:31:26.683,9128283H1,99-040,99-043,0.0143624
2023-12-23 00:31:26.686,9128283H1,99-037,99-042,0.00852156
2023-12-23 00:31:26.694,9128283H1,99-036,99-041,0.00833189
2023-12-23 00:31:26.702,9128283H1,99-035,99-040,0.0126334
2023-12-23 00:31:26.712,9128283H1,99-03+,99-037,0.0154563
2023-12-23 00:31:26.715,9128283H1,99-033,99-036,0.00839811
2023-12-23 00:31:26.726,9128283H1,99-032,99-035,0.0127841
2023-12-23 00:31:26.735,9128283H1,99-031,99-03+,0.0105764
2023-12-23 00:31:26.739,9128283H1,99-030,99-033,0.0142828
2023-12-23 00:31:26.747,9128283H1,99-027,99-032,0.0131238
2023-12-23 00:31:26.756,9128283H1,99-026,99-031,0.00826306
2023-12-23 00:31:26.764,9128283H1,99-025,99-030,0.00996156
2023-12-23 00:31:26.765,9128283H1,99-02+,99-027,0.0119758
2023-12-23 00:31:26.783,9128283H1,99-023,99-026,0.00917297
2023-12-23 00:31:26.801,9128283H1,99-022,99-025,0.00885619
2023-12-23 00:31:26.817,9128283H1,99-021,99-02+,0.0109556
2023-12-23 00:31:26.818,9128283H1,99-020,99-023,0.0125311
2023-12-23 00:31:26.834,9128283H1,99-017,99-022,0.0133535
2023-12-23 00:31:26.836,9128283H1,99-016,99-021,0.0146814
2023-12-23 00:31:26.838,9128283H1,99-015,99-020,0.0137623
2023-12-23 00:31:26.840,9128283H1,99-01+,99-017,0.0119801
2023-12-23 00:31:26.843,9128283H1,99-013,99-016,0.0134681
2023-12-23 00:31:26.856,9128283H1,99-012,99-015,0.0152944
2023-12-23 00:31:26.869,9128283H1,99-011,99-01+,0.0103938
2023-12-23 00:31:26.885,9128283H1,99-010,99-013,0.00845772
2023-12-23 00:31:26.898,9128283H1,99-007,99-012,0.010861
2023-12-23 00:31:26.911,9128283H1,99-006,99-011,0.0115207
2023-12-23 00:31:26.924,9128283H1,99-005,99-010,0.0137121
2023-12-23 00:31:26.932,9128283H1,99-00+,99-007,0.0110305
2023-12-23 00:31:26.934,9128283H1,99-003,99-006,0.0145108
2023-12-23 00:31:26.951,9128283H1,99-002,99-005,0.00878677
2023-12-23 00:31:26.965,9128283H1,99-001,99-00+,0.00929999
2023-12-23 00:31:26.971,9128283H1,99-000,99-003,0.00901109
2023-12-23 00:31:26.988,9128283H1,98-317,99-002,0.008308
2023-12-23 00:31:26.993,9128283H1,98-316,99-001,0.0134079
2023-12-23 00:31:26.997,9128283H1,98-317,99-002,0.0122994
2023-12-23 00:31:27.015,9128283H1,99-000,99-003,0.0155378
2023-12-23 00:31:27.022,9128283H1,99-001,99-00+,0.013378
2023-12-23 00:31:27.036,9128283H1,99-002,99-005,0.0145214
2023-12-23 00:31:27.039,9128283H1,99-003,99-006,0.00975722
2023-12-23 00:31:27.043,9128283H1,99-00+,99-007,0.0100038
2023-12-23 00:31:27.059,9128283H1,99-005,99-010,0.011774
2023-12-23 00:31:27.078,9128283H1,99-006,99-011,0.0078623
2023-12-23 00:31:27.083,9128283H1,99-007,99-012,0.00844928
2023-12-23 00:31:27.096,9128283H1,99-010,99-013,0.0122428
2023-12-23 00:31:27.112,9128283H1,99-011,99-01+,0.0152287
2023-12-23 00:31:27.127,9128283H1,99-012,99-015,0.0105151
2023-12-23 00:31:27.133,9128283H1,99-013,99-016,0.0147455
2023-12-23 00:31:27.145,9128283H1,99-01+,99-017,0.0153435
2023-12-23 00:31:27.146,9128283H1,99-015,99-020,0.00787149
2023-12-23 00:31:27.148,9128283H1,99-016,99-021,0.0113822
2023-12-23 00:31:27.154,9128283H1,99-017,99-022,0.00877149
2023-12-23 00:31:27.164,9128283H1,99-020,99-023,0.0119977
2023-12-23 00:31:27.169,9128283H1,99-021,99-02+,0.0144159
2023-12-23 00:31:27.181,9128283H1,99-022,99-025,0.0102974
2023-12-23 00:31:27.195,9128283H1,99-023,99-026,0.0109015
2023-12-23 00:31:27.196,9128283H1,99-02+,99-027,0.00787026
2023-12-23 00:31:27.214,9128283H1,99-025,99-030,0.0147242
2023-12-23 00:31:27.233,9128283H1,99-026,99-031,0.0144311
2023-12-23 00:31:27.241,9128283H1,99-027,99-032,0.0118196
2023-12-23 00:31:27.260,9128283H1,99-030,99-033,0.0151056
2023-12-23 00:31:27.273,9128283H1,99-031,99-03+,0.0147134
2023-12-23 00:31:27.280,9128283H1,99-032,99-035,0.0148369
2023-12-23 00:31:27.295,9128283H1,99-033,99-036,0.0112598
2023-12-23 00:31:27.308,9128283H1,99-03+,99-037,0.0100574
2023-12-23 00:31:27.324,9128283H1,99-035,99-040,0.0125237
2023-12-23 00:31:27.338,9128283H1,99-036,99-041,0.0151968
2023-12-23 00:31:27.350,9128283H1,99-037,99-042,0.00938478
2023-12-23 00:31:27.362,9128283H1,99-040,99-043,0.0129092
2023-12-23 00:31:27.381,9128283H1,99-041,99-04+,0.0142971
2023-12-23 00:31:27.387,9128283H1,99-042,99-045,0.0131149
2023-12-23 00:31:27.403,9128283H1,99-043,99-046,0.0125666
2023-12-23 00:31:27.411,9128283H1,99-04+,99-047,0.00957017
2023-12-23 00:31:27.419,9128283H1,99-045,99-050,0.0110403
2023-12-23 00:31:27.430,9128283H1,99-046,99-051,0.014491
2023-12-23 00:31:27.445,9128283H1,99-047,99-052,0.0100512
2023-12-23 00:31:27.447,9128283H1,99-050,99-053,0.0111219
2023-12-23 00:31:27.448,9128283H1,99-051,99-05+,0.00928652
2023-12-23 00:31:27.466,9128283H1,99-052,99-055,0.00881843
2023-12-23 00:31:27.481,9128283H1,99-053,99-056,0.0124684
2023-12-23 00:31:27.497,9128283H1,99-05+,99-057,0.0111911
2023-12-23 00:31:27.514,9128283H1,99-055,99-060,0.0103511
2023-12-23 00:31:27.523,9128283H1,99-056,99-061,0.0117688
2023-12-23 00:31:27.526,9128283H1,99-057,99-062,0.0109074
2023-12-23 00:31:27.537,9128283H1,99-060,99-063,0.00901523
2023-12-23 00:31:27.550,9128283H1,99-061,99-06+,0.0149928
2023-12-23 00:31:27.564,9128283H1,99-062,99-065,0.0095964
2023-12-23 00:31:27.575,9128283H1,99-063,99-066,0.0103384
2023-12-23 00:31:27.594,9128283H1,99-06+,99-067,0.00974505
2023-12-23 00:31:27.610,9128283H1,99-065,99-070,0.0120401
2023-12-23 00:31:27.621,9128283H1,99-066,99-071,0.0152573
2023-12-23 00:31:27.632,9128283H1,99-067,99-072,0.0114571
2023-12-23 00:31:27.650,9128283H1,99-070,99-073,0.0081599
2023-12-23 00:31:27.657,9128283H1,99-071,99-07+,0.0132729
2023-12-23 00:31:27.660,9128283H1,99-072,99-075,0.0108977
2023-12-23 00:31:27.677,9128283H1,99-073,99-076,0.00869655
2023-12-23 00:31:27.690,9128283H1,99-07+,99-077,0.0148979
2023-12-23 00:31:27.697,9128283H1,99-075,99-080,0.00937413
2023-12-23 00:31:27.699,9128283H1,99-076,99-081,0.0152696
2023-12-23 00:31:27.719,9128283H1,99-077,99-082,0.00972785
2023-12-23 00:31:27.724,9128283H1,99-080,99-083,0.0107866
2023-12-23 00:31:27.737,9128283H1,99-081,99-08+,0.012238
2023-12-23 00:31:27.754,9128283H1,99-082,99-085,0.00938297
2023-12-23 00:31:27.772,9128283H1,99-083,99-086,0.0137128
2023-12-23 00:31:27.779,9128283H1,99-08+,99-087,0.0117296
2023-12-23 00:31:27.786,9128283H1,99-085,99-090,0.0124228
2023-12-23 00:31:27.792,9128283H1,99-086,99-091,0.0152251
2023-12-23 00:31:27.804,9128283H1,99-087,99-092,0.0098029
2023-12-23 00:31:27.821,9128283H1,99-090,99-093,0.0147801
2023-12-23 00:31:27.827,9128283H1,99-091,99-09+,0.0135941
2023-12-23 00:31:27.834,9128283H1,99-092,99-095,0.0106601
2023-12-23 00:31:27.839,9128283H1,99-093,99-096,0.0124676
2023-12-23 00:31:27.845,9128283H1,99-09+,99-097,0.0147651
2023-12-23 00:31:27.851,9128283H1,99-095,99-100,0.0145648
2023-12-23 00:31:27.866,9128283H1,99-096,99-101,0.0131212
2023-12-23 00:31:27.884,9128283H1,99-097,99-102,0.00874044
2023-12-23 00:31:27.885,9128283H1,99-100,99-103,0.012463
2023-12-23 00:31:27.899,9128283H1,99-101,99-10+,0.0149119
2023-12-23 00:31:27.919,9128283H1,99-102,99-105,0.0127508
2023-12-23 00:31:27.929,9128283H1,99-103,99-106,0.0150187
2023-12-23 00:31:27.946,9128283H1,99-10+,99-107,0.0151783
2023-12-23 00:31:27.948,9128283H1,99-105,99-110,0.00957721
2023-12-23 00:31:27.954,9128283H1,99-106,99-111,0.00827159
2023-12-23 00:31:27.966,9128283H1,99-107,99-112,0.00960478
2023-12-23 00:31:27.974,9128283H1,99-110,99-113,0.0136836
2023-12-23 00:31:27.992,9128283H1,99-111,99-11+,0.0133347
2023-12-23 00:31:28.008,9128283H1,99-112,99-115,0.0114607
2023-12-23 00:31:28.011,9128283H1,99-113,99-116,0.00818383
2023-12-23 00:31:28.022,9128283H1,99-11+,99-117,0.0145409
2023-12-23 00:31:28.035,9128283H1,99-115,99-120,0.011281
2023-12-23 00:31:28.051,9128283H1,99-116,99-121,0.0144062
2023-12-23 00:31:28.058,9128283H1,99-117,99-122,0.00856721
2023-12-23 00:31:28.072,9128283H1,99-120,99-123,0.00815741
2023-12-23 00:31:28.092,9128283H1,99-121,99-12+,0.00906388
2023-12-23 00:31:28.107,9128283H1,99-122,99-125,0.0118118
2023-12-23 00:31:28.125,9128283H1,99-123,99-126,0.00976807
2023-12-23 00:31:28.135,9128283H1,99-12+,99-127,0.0112707
2023-12-23 00:31:28.138,9128283H1,99-125,99-130,0.00844834
2023-12-23 00:31:28.154,9128283H1,99-126,99-131,0.0117134
2023-12-23 00:31:28.170,9128283H1,99-127,99-132,0.0147156
2023-12-23 00:31:28.179,9128283H1,99-130,99-133,0.0134221
2023-12-23 00:31:28.188,9128283H1,99-131,99-13+,0.0135586
2023-12-23 00:31:28.195,9128283H1,99-132,99-135,0.00945726
2023-12-23 00:31:28.209,9128283H1,99-133,99-136,0.00794477
2023-12-23 00:31:28.211,9128283H1,99-13+,99-137,0.0103677
2023-12-23 00:31:28.213,9128283H1,99-135,99-140,0.010377
2023-12-23 00:31:28.222,9128283H1,99-136,99-141,0.0118291
2023-12-23 00:31:28.224,9128283H1,99-137,99-142,0.0124941
2023-12-23 00:31:28.235,9128283H1,99-140,99-143,0.0100996
2023-12-23 00:31:28.255,9128283H1,99-141,99-14+,0.01494
2023-12-23 00:31:28.259,9128283H1,99-142,99-145,0.0121583
2023-12-23 00:31:28.263,9128283H1,99-143,99-146,0.0144152
2023-12-23 00:31:28.269,9128283H1,99-14+,99-147,0.0127071
2023-12-23 00:31:28.277,9128283H1,99-145,99-150,0.0137922
2023-12-23 00:31:28.285,9128283H1,99-146,99-151,0.00928308
2023-12-23 00:31:28.291,9128283H1,99-147,99-152,0.0132654
2023-12-23 00:31:28.303,9128283H1,99-150,99-153,0.0155069
2023-12-23 00:31:28.316,9128283H1,99-151,99-15+,0.00959948
2023-12-23 00:31:28.321,9128283H1,99-152,99-155,0.014391
2023-12-23 00:31:28.333,9128283H1,99-153,99-156,0.00815715
2023-12-23 00:31:28.339,9128283H1,99-15+,99-157,0.0151027
2023-12-23 00:31:28.353,9128283H1,99-155,99-160,0.00963071
2023-12-23 00:31:28.373,9128283H1,99-156,99-161,0.00901636
2023-12-23 00:31:28.392,9128283H1,99-157,99-162,0.00820487
2023-12-23 00:31:28.393,9128283H1,99-160,99-163,0.0127656
2023-12-23 00:31:28.413,9128283H1,99-161,99-16+,0.0104941
2023-12-23 00:31:28.420,9128283H1,99-162,99-165,0.00949578
2023-12-23 00:31:28.440,9128283H1,99-163,99-166,0.0119055
2023-12-23 00:31:28.446,9128283H1,99-16+,99-167,0.0134418
2023-12-23 00:31:28.466,9128283H1,99-165,99-170,0.0115639
2023-12-23 00:31:28.467,9128283H1,99-166,99-171,0.0117798
2023-12-23 00:31:28.478,9128283H1,99-167,99-172,0.0144945
2023-12-23 00:31:28.493,9128283H1,99-170,99-173,0.0144488
2023-12-23 00:31:28.503,9128283H1,99-171,99-17+,0.0101674
2023-12-23 00:31:28.515,9128283H1,99-172,99-175,0.0105147
2023-12-23 00:31:28.528,9128283H1,99-173,99-176,0.0131488
2023-12-23 00:31:28.537,9128283H1,99-17+,99-177,0.0137241
2023-12-23 00:31:28.544,9128283H1,99-175,99-180,0.00921382
2023-12-23 00:31:28.545,9128283H1,99-176,99-181,0.0149068
2023-12-23 00:31:28.556,9128283H1,99-177,99-182,0.0093969
2023-12-23 00:31:28.570,9128283H1,99-180,99-183,0.0135291
2023-12-23 00:31:28.586,9128283H1,99-181,99-18+,0.0150985
2023-12-23 00:31:28.593,9128283H1,99-182,99-185,0.0126203
2023-12-23 00:31:28.609,9128283H1,99-183,99-186,0.00999507
2023-12-23 00:31:28.623,9128283H1,99-18+,99-187,0.0123205
2023-12-23 00:31:28.635,9128283H1,99-185,99-190,0.0103167
2023-12-23 00:31:28.643,9128283H1,99-186,99-191,0.00918294
2023-12-23 00:31:28.659,9128283H1,99-187,99-192,0.0113247
2023-12-23 00:31:28.666,9128283H1,99-190,99-193,0.00892163
2023-12-23 00:31:28.672,9128283H1,99-191,99-19+,0.0101809
2023-12-23 00:31:28.686,9128283H1,99-192,99-195,0.00832273
2023-12-23 00:31:28.702,9128283H1,99-193,99-196,0.0107869
2023-12-23 00:31:28.707,9128283H1,99-19+,99-197,0.0130573
2023-12-23 00:31:28.725,9128283H1,99-195,99-200,0.0108831
2023-12-23 00:31:28.733,9128283H1,99-196,99-201,0.00938818
2023-12-23 00:31:28.753,9128283H1,99-197,99-202,0.012422
2023-12-23 00:31:28.755,9128283H1,99-200,99-203,0.00903467
2023-12-23 00:31:28.766,9128283H1,99-201,99-20+,0.0105296
2023-12-23 00:31:28.771,9128283H1,99-202,99-205,0.0087093
2023-12-23 00:31:28.776,9128283H1,99-203,99-206,0.00995726
2023-12-23 00:31:28.781,9128283H1,99-20+,99-207,0.0125321
2023-12-23 00:31:28.783,9128283H1,99-205,99-210,0.0155575
2023-12-23 00:31:28.786,9128283H1,99-206,99-211,0.00874173
2023-12-23 00:31:28.800,9128283H1,99-207,99-212,0.0124718
2023-12-23 00:31:28.811,9128283H1,99-210,99-213,0.0103998
2023-12-23 00:31:28.813,9128283H1,99-211,99-21+,0.0142045
2023-12-23 00:31:28.824,9128283H1,99-212,99-215,0.0116708
2023-12-23 00:31:28.830,9128283H1,99-213,99-216,0.0151098
2023-12-23 00:31:28.833,9128283H1,99-21+,99-217,0.00948297
2023-12-23 00:31:28.834,9128283H1,99-215,99-220,0.00849073
2023-12-23 00:31:28.846,9128283H1,99-216,99-221,0.0140471
2023-12-23 00:31:28.849,9128283H1,99-217,99-222,0.0114596
2023-12-23 00:31:28.859,9128283H1,99-220,99-223,0.00994434
2023-12-23 00:31:28.861,9128283H1,99-221,99-22+,0.0154367
2023-12-23 00:31:28.864,9128283H1,99-222,99-225,0.0101768
2023-12-23 00:31:28.880,9128283H1,99-223,99-226,0.00795322
2023-12-23 00:31:28.891,9128283H1,99-22+,99-227,0.0119252
2023-12-23 00:31:28.907,9128283H1,99-225,99-230,0.0121346
2023-12-23 00:31:28.915,9128283H1,99-226,99-231,0.00857163
2023-12-23 00:31:28.931,9128283H1,99-227,99-232,0.0125663
2023-12-23 00:31:28.941,9128283H1,99-230,99-233,0.0120134
2023-12-23 00:31:28.947,9128283H1,99-231,99-23+,0.0134571
2023-12-23 00:31:28.958,9128283H1,99-232,99-235,0.0108487
2023-12-23 00:31:28.971,9128283H1,99-233,99-236,0.0135836
2023-12-23 00:31:28.974,9128283H1,99-23+,99-237,0.0134406
2023-12-23 00:31:28.983,9128283H1,99-235,99-240,0.00930835
2023-12-23 00:31:28.984,9128283H1,99-236,99-241,0.01503
2023-12-23 00:31:28.995,9128283H1,99-237,99-242,0.0142687
2023-12-23 00:31:28.999,9128283H1,99-240,99-243,0.0140347
2023-12-23 00:31:29.005,9128283H1,99-241,99-24+,0.00861959
2023-12-23 00:31:29.020,9128283H1,99-242,99-245,0.0105624
2023-12-23 00:31:29.033,9128283H1,99-243,99-246,0.014316
2023-12-23 00:31:29.039,9128283H1,99-24+,99-247,0.0123016
2023-12-23 00:31:29.040,9128283H1,99-245,99-250,0.0125132
2023-12-23 00:31:29.041,9128283H1,99-246,99-251,0.0138055
2023-12-23 00:31:29.054,9128283H1,99-247,99-252,0.0105075
2023-12-23 00:31:29.065,9128283H1,99-250,99-253,0.0132921
2023-12-23 00:31:29.081,9128283H1,99-251,99-25+,0.0106216
2023-12-23 00:31:29.084,9128283H1,99-252,99-255,0.012328
2023-12-23 00:31:29.102,9128283H1,99-253,99-256,0.011259
2023-12-23 00:31:29.111,9128283H1,99-25+,99-257,0.0129798
2023-12-23 00:31:29.127,9128283H1,99-255,99-260,0.0125323
2023-12-23 00:31:29.129,9128283H1,99-256,99-261,0.0149588
2023-12-23 00:31:29.135,9128283H1,99-257,99-262,0.0114008
2023-12-23 00:31:29.150,9128283H1,99-260,99-263,0.00950772
2023-12-23 00:31:29.152,9128283H1,99-261,99-26+,0.0140975
2023-12-23 00:31:29.160,9128283H1,99-262,99-265,0.00986955
2023-12-23 00:31:29.170,9128283H1,99-263,99-266,0.0124028
2023-12-23 00:31:29.184,9128283H1,99-26+,99-267,0.0136474
2023-12-23 00:31:29.185,9128283H1,99-265,99-270,0.0120448
2023-12-23 00:31:29.200,9128283H1,99-266,99-271,0.0106562
2023-12-23 00:31:29.201,9128283H1,99-267,99-272,0.011769
2023-12-23 00:31:29.221,9128283H1,99-270,99-273,0.0144015
2023-12-23 00:31:29.235,9128283H1,99-271,99-27+,0.0130224
2023-12-23 00:31:29.249,9128283H1,99-272,99-275,0.0152344
2023-12-23 00:31:29.261,9128283H1,99-273,99-276,0.0138535
2023-12-23 00:31:29.266,9128283H1,99-27+,99-277,0.0142852
2023-12-23 00:31:29.267,9128283H1,99-275,99-280,0.00815575
2023-12-23 00:31:29.280,9128283H1,99-276,99-281,0.0123249
2023-12-23 00:31:29.294,9128283H1,99-277,99-282,0.0143671
2023-12-23 00:31:29.298,9128283H1,99-280,99-283,0.0118762
2023-12-23 00:31:29.309,9128283H1,99-281,99-28+,0.0155575
2023-12-23 00:31:29.321,9128283H1,99-282,99-285,0.0104729
2023-12-23 00:31:29.329,9128283H1,99-283,99-286,0.0151173
2023-12-23 00:31:29.336,9128283H1,99-28+,99-287,0.00961405
2023-12-23 00:31:29.340,9128283H1,99-285,99-290,0.0112889
2023-12-23 00:31:29.359,9128283H1,99-286,99-291,0.011778
2023-12-23 00:31:29.364,9128283H1,99-287,99-292,0.00832749
2023-12-23 00:31:29.375,9128283H1,99-290,99-293,0.0139509
2023-12-23 00:31:29.386,9128283H1,99-291,99-29+,0.00889848
2023-12-23 00:31:29.394,9128283H1,99-292,99-295,0.0149566
2023-12-23 00:31:29.397,9128283H1,99-293,99-296,0.0127856
2023-12-23 00:31:29.412,9128283H1,99-29+,99-297,0.0112687
2023-12-23 00:31:29.422,9128283H1,99-295,99-300,0.00858245
2023-12-23 00:31:29.424,9128283H1,99-296,99-301,0.0132176
2023-12-23 00:31:29.432,9128283H1,99-297,99-302,0.0144407
2023-12-23 00:31:29.452,9128283H1,99-300,99-303,0.0113457
2023-12-23 00:31:29.465,9128283H1,99-301,99-30+,0.0127383
2023-12-23 00:31:29.467,9128283H1,99-302,99-305,0.0137793
2023-12-23 00:31:29.479,9128283H1,99-303,99-306,0.00872569
2023-12-23 00:31:29.481,9128283H1,99-30+,99-307,0.0134846
2023-12-23 00:31:29.483,9128283H1,99-305,99-310,0.0129007
2023-12-23 00:31:29.502,9128283H1,99-306,99-311,0.00894457
2023-12-23 00:31:29.517,9128283H1,99-307,99-312,0.00831895
2023-12-23 00:31:29.527,9128283H1,99-310,99-313,0.0123111
2023-12-23 00:31:29.531,9128283H1,99-311,99-31+,0.0115465
2023-12-23 00:31:29.537,9128283H1,99-312,99-315,0.0116043
2023-12-23 00:31:29.538,9128283H1,99-313,99-316,0.00972975
2023-12-23 00:31:29.558,9128283H1,99-31+,99-317,0.00851875
2023-12-23 00:31:29.563,9128283H1,99-315,100-000,0.0125185
2023-12-23 00:31:29.568,9128283H1,99-316,100-001,0.0088484
2023-12-23 00:31:29.583,9128283H1,99-317,100-002,0.0139799
2023-12-23 00:31:29.585,9128283H1,100-000,100-003,0.0155361
2023-12-23 00:31:29.590,9128283H1,100-001,100-00+,0.00950265
2023-12-23 00:31:29.591,9128283H1,100-002,100-005,0.0113003
2023-12-23 00:31:29.599,9128283H1,100-003,100-006,0.013609
2023-12-23 00:31:29.609,9128283H1,100-00+,100-007,0.0143464
2023-12-23 00:31:29.618,9128283H1,100-005,100-010,0.010578
2023-12-23 00:31:29.632,9128283H1,100-006,100-011,0.0105297
2023-12-23 00:31:29.635,9128283H1,100-007,100-012,0.0154073
2023-12-23 00:31:29.644,9128283H1,100-010,100-013,0.0100361
2023-12-23 00:31:29.664,9128283H1,100-011,100-01+,0.00849076
2023-12-23 00:31:29.677,9128283H1,100-012,100-015,0.011007
2023-12-23 00:31:29.687,9128283H1,100-013,100-016,0.0111063
2023-12-23 00:31:29.692,9128283H1,100-01+,100-017,0.0141519
2023-12-23 00:31:29.705,9128283H1,100-015,100-020,0.0103343
2023-12-23 00:31:29.722,9128283H1,100-016,100-021,0.0119665
2023-12-23 00:31:29.725,9128283H1,100-017,100-022,0.0102083
2023-12-23 00:31:29.736,9128283H1,100-020,100-023,0.0103555
2023-12-23 00:31:29.753,9128283H1,100-021,100-02+,0.00904979
2023-12-23 00:31:29.765,9128283H1,100-022,100-025,0.0141258
2023-12-23 00:31:29.780,9128283H1,100-023,100-026,0.00952324
2023-12-23 00:31:29.792,9128283H1,100-02+,100-027,0.00812877
2023-12-23 00:31:29.804,9128283H1,100-025,100-030,0.00856158
2023-12-23 00:31:29.822,9128283H1,100-026,100-031,0.0145721
2023-12-23 00:31:29.832,9128283H1,100-027,100-032,0.0136197
2023-12-23 00:31:29.841,9128283H1,100-030,100-033,0.0131774
2023-12-23 00:31:29.856,9128283H1,100-031,100-03+,0.0142452
2023-12-23 00:31:29.867,9128283H1,100-032,100-035,0.0112434
2023-12-23 00:31:29.874,9128283H1,100-033,100-036,0.00982854
2023-12-23 00:31:29.886,9128283H1,100-03+,100-037,0.0155592
2023-12-23 00:31:29.903,9128283H1,100-035,100-040,0.0155706
2023-12-23 00:31:29.905,9128283H1,100-036,100-041,0.0122443
2023-12-23 00:31:29.906,9128283H1,100-037,100-042,0.0145246
2023-12-23 00:31:29.914,9128283H1,100-040,100-043,0.0145091
2023-12-23 00:31:29.932,9128283H1,100-041,100-04+,0.00894611
2023-12-23 00:31:29.942,9128283H1,100-042,100-045,0.00895783
2023-12-23 00:31:29.959,9128283H1,100-043,100-046,0.0120863
2023-12-23 00:31:29.972,9128283H1,100-04+,100-047,0.0137204
2023-12-23 00:31:29.989,9128283H1,100-045,100-050,0.00935042
2023-12-23 00:31:30.004,9128283H1,100-046,100-051,0.0108475
2023-12-23 00:31:30.014,9128283H1,100-047,100-052,0.00987787
2023-12-23 00:31:30.019,9128283H1,100-050,100-053,0.012551
2023-12-23 00:31:30.035,9128283H1,100-051,100-05+,0.0151132
2023-12-23 00:31:30.042,9128283H1,100-052,100-055,0.00890885
2023-12-23 00:31:30.049,9128283H1,100-053,100-056,0.015468
2023-12-23 00:31:30.068,9128283H1,100-05+,100-057,0.00800759
2023-12-23 00:31:30.070,9128283H1,100-055,100-060,0.0111215
2023-12-23 00:31:30.087,9128283H1,100-056,100-061,0.00900744
2023-12-23 00:31:30.096,9128283H1,100-057,100-062,0.0126785
2023-12-23 00:31:30.114,9128283H1,100-060,100-063,0.0137546
2023-12-23 00:31:30.120,9128283H1,100-061,100-06+,0.0117015
2023-12-23 00:31:30.127,9128283H1,100-062,100-065,0.0101406
2023-12-23 00:31:30.130,9128283H1,100-063,100-066,0.0107614
2023-12-23 00:31:30.137,9128283H1,100-06+,100-067,0.00844963
2023-12-23 00:31:30.143,9128283H1,100-065,100-070,0.0147548
2023-12-23 00:31:30.160,9128283H1,100-066,100-071,0.0096427
2023-12-23 00:31:30.174,9128283H1,100-067,100-072,0.0132025
2023-12-23 00:31:30.189,9128283H1,100-070,100-073,0.00846713
2023-12-23 00:31:30.200,9128283H1,100-071,100-07+,0.0144186
2023-12-23 00:31:30.215,9128283H1,100-072,100-075,0.0130747
2023-12-23 00:31:30.216,9128283H1,100-073,100-076,0.0124134
2023-12-23 00:31:30.225,9128283H1,100-07+,100-077,0.0124551
2023-12-23 00:31:30.245,9128283H1,100-075,100-080,0.0116869
2023-12-23 00:31:30.257,9128283H1,100-076,100-081,0.00861528
2023-12-23 00:31:30.268,9128283H1,100-077,100-082,0.00966398
2023-12-23 00:31:30.274,9128283H1,100-080,100-083,0.0099749
2023-12-23 00:31:30.280,9128283H1,100-081,100-08+,0.0130354
2023-12-23 00:31:30.290,9128283H1,100-082,100-085,0.00820282
2023-12-23 00:31:30.300,9128283H1,100-083,100-086,0.00940915
2023-12-23 00:31:30.319,9128283H1,100-08+,100-087,0.0106388
2023-12-23 00:31:30.323,9128283H1,100-085,100-090,0.0122987
2023-12-23 00:31:30.337,9128283H1,100-086,100-091,0.00870012
2023-12-23 00:31:30.351,9128283H1,100-087,100-092,0.00985032
2023-12-23 00:31:30.357,9128283H1,100-090,100-093,0.0151583
2023-12-23 00:31:30.359,9128283H1,100-091,100-09+,0.0108693
2023-12-23 00:31:30.371,9128283H1,100-092,100-095,0.0132257
2023-12-23 00:31:30.380,9128283H1,100-093,100-096,0.0143834
2023-12-23 00:31:30.397,9128283H1,100-09+,100-097,0.00904166
2023-12-23 00:31:30.417,9128283H1,100-095,100-100,0.00829528
2023-12-23 00:31:30.421,9128283H1,100-096,100-101,0.00896913
2023-12-23 00:31:30.434,9128283H1,100-097,100-102,0.0135822
2023-12-23 00:31:30.447,9128283H1,100-100,100-103,0.00799435
2023-12-23 00:31:30.454,9128283H1,100-101,100-10+,0.0144364
2023-12-23 00:31:30.469,9128283H1,100-102,100-105,0.00935026
2023-12-23 00:31:30.476,9128283H1,100-103,100-106,0.0134504
2023-12-23 00:31:30.477,9128283H1,100-10+,100-107,0.0142205
2023-12-23 00:31:30.495,9128283H1,100-105,100-110,0.0125327
2023-12-23 00:31:30.502,9128283H1,100-106,100-111,0.0127033
2023-12-23 00:31:30.511,9128283H1,100-107,100-112,0.0127234
2023-12-23 00:31:30.515,9128283H1,100-110,100-113,0.0115442
2023-12-23 00:31:30.523,9128283H1,100-111,100-11+,0.0121269
2023-12-23 00:31:30.541,9128283H1,100-112,100-115,0.0089807
2023-12-23 00:31:30.549,9128283H1,100-113,100-116,0.0108305
2023-12-23 00:31:30.565,9128283H1,100-11+,100-117,0.00829973
2023-12-23 00:31:30.585,9128283H1,100-115,100-120,0.0133194
2023-12-23 00:31:30.587,9128283H1,100-116,100-121,0.00785982
2023-12-23 00:31:30.592,9128283H1,100-117,100-122,0.013009
2023-12-23 00:31:30.593,9128283H1,100-120,100-123,0.00972017
2023-12-23 00:31:30.613,9128283H1,100-121,100-12+,0.0127923
2023-12-23 00:31:30.624,9128283H1,100-122,100-125,0.00814765
2023-12-23 00:31:30.633,9128283H1,100-123,100-126,0.0129253
2023-12-23 00:31:30.642,9128283H1,100-12+,100-127,0.0141716
2023-12-23 00:31:30.651,9128283H1,100-125,100-130,0.0151887
2023-12-23 00:31:30.654,9128283H1,100-126,100-131,0.00860585
2023-12-23 00:31:30.663,9128283H1,100-127,100-132,0.0150151
2023-12-23 00:31:30.668,9128283H1,100-130,100-133,0.00821468
2023-12-23 00:31:30.676,9128283H1,100-131,100-13+,0.014032
2023-12-23 00:31:30.686,9128283H1,100-132,100-135,0.0152939
2023-12-23 00:31:30.697,9128283H1,100-133,100-136,0.00899964
2023-12-23 00:31:30.704,9128283H1,100-13+,100-137,0.0122387
2023-12-23 00:31:30.714,9128283H1,100-135,100-140,0.00842373
2023-12-23 00:31:30.729,9128283H1,100-136,100-141,0.0131431
2023-12-23 00:31:30.733,9128283H1,100-137,100-142,0.0144041
2023-12-23 00:31:30.740,9128283H1,100-140,100-143,0.0148822
2023-12-23 00:31:30.756,9128283H1,100-141,100-14+,0.0114469
2023-12-23 00:31:30.773,9128283H1,100-142,100-145,0.0147467
2023-12-23 00:31:30.777,9128283H1,100-143,100-146,0.0114631
2023-12-23 00:31:30.780,9128283H1,100-14+,100-147,0.00806961
2023-12-23 00:31:30.794,9128283H1,100-145,100-150,0.00897297
2023-12-23 00:31:30.809,9128283H1,100-146,100-151,0.00971449
2023-12-23 00:31:30.817,9128283H1,100-147,100-152,0.0113189
2023-12-23 00:31:30.834,9128283H1,100-150,100-153,0.0153165
2023-12-23 00:31:30.852,9128283H1,100-151,100-15+,0.0140037
2023-12-23 00:31:30.856,9128283H1,100-152,100-155,0.0110963
2023-12-23 00:31:30.874,9128283H1,100-153,100-156,0.00960364
2023-12-23 00:31:30.892,9128283H1,100-15+,100-157,0.0106536
2023-12-23 00:31:30.907,9128283H1,100-155,100-160,0.011235
2023-12-23 00:31:30.914,9128283H1,100-156,100-161,0.0131179
2023-12-23 00:31:30.921,9128283H1,100-157,100-162,0.0110651
2023-12-23 00:31:30.929,9128283H1,100-160,100-163,0.00825098
2023-12-23 00:31:30.933,9128283H1,100-161,100-16+,0.00788766
2023-12-23 00:31:30.940,9128283H1,100-162,100-165,0.01131
2023-12-23 00:31:30.955,9128283H1,100-163,100-166,0.00793036
2023-12-23 00:31:30.957,9128283H1,100-16+,100-167,0.0129209
2023-12-23 00:31:30.960,9128283H1,100-165,100-170,0.00834294
2023-12-23 00:31:30.965,9128283H1,100-166,100-171,0.0119848
2023-12-23 00:31:30.977,9128283H1,100-167,100-172,0.00883833
2023-12-23 00:31:30.992,9128283H1,100-170,100-173,0.0132553
2023-12-23 00:31:31.008,9128283H1,100-171,100-17+,0.0113892
2023-12-23 00:31:31.011,9128283H1,100-172,100-175,0.0153447
2023-12-23 00:31:31.016,9128283H1,100-173,100-176,0.014765
2023-12-23 00:31:31.018,9128283H1,100-17+,100-177,0.0149617
2023-12-23 00:31:31.037,9128283H1,100-175,100-180,0.00954484
2023-12-23 00:31:31.056,9128283H1,100-176,100-181,0.0147438
2023-12-23 00:31:31.057,9128283H1,100-177,100-182,0.0114877
2023-12-23 00:31:31.066,9128283H1,100-180,100-183,0.0120198
2023-12-23 00:31:31.084,9128283H1,100-181,100-18+,0.00948559
2023-12-23 00:31:31.100,9128283H1,100-182,100-185,0.0112154
2023-12-23 00:31:31.108,9128283H1,100-183,100-186,0.0095313
2023-12-23 00:31:31.113,9128283H1,100-18+,100-187,0.0116107
2023-12-23 00:31:31.123,9128283H1,100-185,100-190,0.00847981
2023-12-23 00:31:31.128,9128283H1,100-186,100-191,0.00995309
2023-12-23 00:31:31.131,9128283H1,100-187,100-192,0.00873829
2023-12-23 00:31:31.144,9128283H1,100-190,100-193,0.0104597
2023-12-23 00:31:31.159,9128283H1,100-191,100-19+,0.0117648
2023-12-23 00:31:31.162,9128283H1,100-192,100-195,0.0110768
2023-12-23 00:31:31.181,9128283H1,100-193,100-196,0.0130311
2023-12-23 00:31:31.199,9128283H1,100-19+,100-197,0.00936383
2023-12-23 00:31:31.218,9128283H1,100-195,100-200,0.00860201
2023-12-23 00:31:31.219,9128283H1,100-196,100-201,0.00845479
2023-12-23 00:31:31.224,9128283H1,100-197,100-202,0.0102648
2023-12-23 00:31:31.231,9128283H1,100-200,100-203,0.0120287
2023-12-23 00:31:31.236,9128283H1,100-201,100-20+,0.0144302
2023-12-23 00:31:31.245,9128283H1,100-202,100-205,0.0108479
2023-12-23 00:31:31.248,9128283H1,100-203,100-206,0.00875633
2023-12-23 00:31:31.249,9128283H1,100-20+,100-207,0.0113663
2023-12-23 00:31:31.254,9128283H1,100-205,100-210,0.0149428
2023-12-23 00:31:31.255,9128283H1,100-206,100-211,0.0112404
2023-12-23 00:31:31.262,9128283H1,100-207,100-212,0.00917037
2023-12-23 00:31:31.276,9128283H1,100-210,100-213,0.00992511
2023-12-23 00:31:31.279,9128283H1,100-211,100-21+,0.0128053
2023-12-23 00:31:31.296,9128283H1,100-212,100-215,0.010645
2023-12-23 00:31:31.301,9128283H1,100-213,100-216,0.0125006
2023-12-23 00:31:31.309,9128283H1,100-21+,100-217,0.0105125
2023-12-23 00:31:31.320,9128283H1,100-215,100-220,0.0133761
2023-12-23 00:31:31.332,9128283H1,100-216,100-221,0.0150932
2023-12-23 00:31:31.344,9128283H1,100-217,100-222,0.0103743
2023-12-23 00:31:31.358,9128283H1,100-220,100-223,0.00806995
2023-12-23 00:31:31.364,9128283H1,100-221,100-22+,0.0143375
2023-12-23 00:31:31.370,9128283H1,100-222,100-225,0.00919686
2023-12-23 00:31:31.390,9128283H1,100-223,100-226,0.00909032
2023-12-23 00:31:31.409,9128283H1,100-22+,100-227,0.015243
2023-12-23 00:31:31.427,9128283H1,100-225,100-230,0.00950103
2023-12-23 00:31:31.442,9128283H1,100-226,100-231,0.0125304
2023-12-23 00:31:31.444,9128283H1,100-227,100-232,0.00975531
2023-12-23 00:31:31.450,9128283H1,100-230,100-233,0.0083766
2023-12-23 00:31:31.453,9128283H1,100-231,100-23+,0.00898854
2023-12-23 00:31:31.460,9128283H1,100-232,100-235,0.00782517
2023-12-23 00:31:31.478,9128283H1,100-233,100-236,0.00885461
2023-12-23 00:31:31.498,9128283H1,100-23+,100-237,0.00934475
2023-12-23 00:31:31.509,9128283H1,100-235,100-240,0.0111723
2023-12-23 00:31:31.517,9128283H1,100-236,100-241,0.0121379
2023-12-23 00:31:31.530,9128283H1,100-237,100-242,0.0149834
2023-12-23 00:31:31.539,9128283H1,100-240,100-243,0.00828722
2023-12-23 00:31:31.544,9128283H1,100-241,100-24+,0.00825803
2023-12-23 00:31:31.549,9128283H1,100-242,100-245,0.00930698
2023-12-23 00:31:31.558,9128283H1,100-243,100-246,0.00855955
2023-12-23 00:31:31.567,9128283H1,100-24+,100-247,0.0132638
2023-12-23 00:31:31.578,9128283H1,100-245,100-250,0.0103
2023-12-23 00:31:31.587,9128283H1,100-246,100-251,0.0129504
2023-12-23 00:31:31.592,9128283H1,100-247,100-252,0.00828269
2023-12-23 00:31:31.595,9128283H1,100-250,100-253,0.00787008
2023-12-23 00:31:31.598,9128283H1,100-251,100-25+,0.0129831
2023-12-23 00:31:31.602,9128283H1,100-252,100-255,0.0108404
2023-12-23 00:31:31.617,9128283H1,100-253,100-256,0.0119203
2023-12-23 00:31:31.631,9128283H1,100-25+,100-257,0.00905312
2023-12-23 00:31:31.646,9128283H1,100-255,100-260,0.010962
2023-12-23 00:31:31.653,9128283H1,100-256,100-261,0.0127345
2023-12-23 00:31:31.673,9128283H1,100-257,100-262,0.00845921
2023-12-23 00:31:31.678,9128283H1,100-260,100-263,0.0109514
2023-12-23 00:31:31.683,9128283H1,100-261,100-26+,0.0108457
2023-12-23 00:31:31.684,9128283H1,100-262,100-265,0.00796718
2023-12-23 00:31:31.695,9128283H1,100-263,100-266,0.0156198
2023-12-23 00:31:31.704,9128283H1,100-26+,100-267,0.0138251
2023-12-23 00:31:31.711,9128283H1,100-265,100-270,0.00937273
2023-12-23 00:31:31.728,9128283H1,100-266,100-271,0.0142129
2023-12-23 00:31:31.743,9128283H1,100-267,100-272,0.0140323
2023-12-23 00:31:31.757,9128283H1,100-270,100-273,0.0155079
2023-12-23 00:31:31.764,9128283H1,100-271,100-27+,0.0112902
2023-12-23 00:31:31.768,9128283H1,100-272,100-275,0.0125078
2023-12-23 00:31:31.782,9128283H1,100-273,100-276,0.014419
2023-12-23 00:31:31.799,9128283H1,100-27+,100-277,0.0135165
2023-12-23 00:31:31.811,9128283H1,100-275,100-280,0.00935531
2023-12-23 00:31:31.816,9128283H1,100-276,100-281,0.00797528
2023-12-23 00:31:31.823,9128283H1,100-277,100-282,0.0149096
2023-12-23 00:31:31.838,9128283H1,100-280,100-283,0.0145386
2023-12-23 00:31:31.858,9128283H1,100-281,100-28+,0.00870651
2023-12-23 00:31:31.861,9128283H1,100-282,100-285,0.0103987
2023-12-23 00:31:31.874,9128283H1,100-283,100-286,0.0122692
2023-12-23 00:31:31.884,9128283H1,100-28+,100-287,0.0153301
2023-12-23 00:31:31.889,9128283H1,100-285,100-290,0.00975879
2023-12-23 00:31:31.907,9128283H1,100-286,100-291,0.0117392
2023-12-23 00:31:31.909,9128283H1,100-287,100-292,0.013783
2023-12-23 00:31:31.918,9128283H1,100-290,100-293,0.0137306
2023-12-23 00:31:31.929,9128283H1,100-291,100-29+,0.0117827
2023-12-23 00:31:31.934,9128283H1,100-292,100-295,0.0127212
2023-12-23 00:31:31.938,9128283H1,100-293,100-296,0.00794904
2023-12-23 00:31:31.951,9128283H1,100-29+,100-297,0.0152141
2023-12-23 00:31:31.953,9128283H1,100-295,100-300,0.0089256
2023-12-23 00:31:31.954,9128283H1,100-296,100-301,0.00801136
2023-12-23 00:31:31.960,9128283H1,100-297,100-302,0.0137642
2023-12-23 00:31:31.971,9128283H1,100-300,100-303,0.00889116
2023-12-23 00:31:31.975,9128283H1,100-301,100-30+,0.0100696
2023-12-23 00:31:31.979,9128283H1,100-302,100-305,0.00811031
2023-12-23 00:31:31.987,9128283H1,100-303,100-306,0.0115237
2023-12-23 00:31:31.988,9128283H1,100-30+,100-307,0.009172
2023-12-23 00:31:31.990,9128283H1,100-305,100-310,0.0130327
2023-12-23 00:31:31.992,9128283H1,100-306,100-311,0.00878526
2023-12-23 00:31:32.006,9128283H1,100-307,100-312,0.0107315
2023-12-23 00:31:32.007,9128283H1,100-310,100-313,0.0102013
2023-12-23 00:31:32.027,9128283H1,100-311,100-31+,0.00835477
2023-12-23 00:31:32.035,9128283H1,100-312,100-315,0.00929192
2023-12-23 00:31:32.041,9128283H1,100-313,100-316,0.0114503
2023-12-23 00:31:32.059,9128283H1,100-31+,100-317,0.0129917
2023-12-23 00:31:32.071,9128283H1,100-315,101-000,0.0150664
2023-12-23 00:31:32.083,9128283H1,100-316,101-001,0.0156204
2023-12-23 00:31:32.101,9128283H1,100-315,101-000,0.009021
2023-12-23 00:31:32.115,9128283H1,100-31+,100-317,0.00855585
2023-12-23 00:31:32.129,9128283H1,100-313,100-316,0.0124915
2023-12-23 00:31:32.141,9128283H1,100-312,100-315,0.0110823
2023-12-23 00:31:32.161,9128283H1,100-311,100-31+,0.0128204
2023-12-23 00:31:32.180,9128283H1,100-310,100-313,0.00981745
2023-12-23 00:31:32.183,9128283H1,100-307,100-312,0.00818078
2023-12-23 00:31:32.196,9128283H1,100-306,100-311,0.00845653
2023-12-23 00:31:32.215,9128283H1,100-305,100-310,0.0123808
2023-12-23 00:31:32.227,9128283H1,100-30+,100-307,0.012241
2023-12-23 00:31:32.239,9128283H1,100-303,100-306,0.014965
2023-12-23 00:31:32.242,9128283H1,100-302,100-305,0.0127906
2023-12-23 00:31:32.260,9128283H1,100-301,100-30+,0.0104198
2023-12-23 00:31:32.262,9128283H1,100-300,100-303,0.0132028
2023-12-23 00:31:32.272,9128283H1,100-297,100-302,0.0136815
2023-12-23 00:31:32.278,9128283H1,100-296,100-301,0.0105471
2023-12-23 00:31:32.292,9128283H1,100-295,100-300,0.00930867
2023-12-23 00:31:32.295,9128283H1,100-29+,100-297,0.00917369
2023-12-23 00:31:32.303,9128283H1,100-293,100-296,0.00794234
2023-12-23 00:31:32.322,9128283H1,100-292,100-295,0.0138515
2023-12-23 00:31:32.330,9128283H1,100-291,100-29+,0.0135464
2023-12-23 00:31:32.339,9128283H1,100-290,100-293,0.00951809
2023-12-23 00:31:32.350,9128283H1,100-287,100-292,0.0152737
2023-12-23 00:31:32.354,9128283H1,100-286,100-291,0.0143627
2023-12-23 00:31:32.356,9128283H1,100-285,100-290,0.0127613
2023-12-23 00:31:32.373,9128283H1,100-28+,100-287,0.00812292
2023-12-23 00:31:32.387,9128283H1,100-283,100-286,0.011563
2023-12-23 00:31:32.396,9128283H1,100-282,100-285,0.0100266
2023-12-23 00:31:32.403,9128283H1,100-281,100-28+,0.00965051
2023-12-23 00:31:32.418,9128283H1,100-280,100-283,0.015343
2023-12-23 00:31:32.419,9128283H1,100-277,100-282,0.0100316
2023-12-23 00:31:32.434,9128283H1,100-276,100-281,0.0140284
2023-12-23 00:31:32.436,9128283H1,100-275,100-280,0.00938061
2023-12-23 00:31:32.448,9128283H1,100-27+,100-277,0.0117666
2023-12-23 00:31:32.468,9128283H1,100-273,100-276,0.0108005
2023-12-23 00:31:32.478,9128283H1,100-272,100-275,0.0134574
2023-12-23 00:31:32.480,9128283H1,100-271,100-27+,0.0112515
2023-12-23 00:31:32.492,9128283H1,100-270,100-273,0.0153923
2023-12-23 00:31:32.507,9128283H1,100-267,100-272,0.00991924
2023-12-23 00:31:32.513,9128283H1,100-266,100-271,0.0102247
2023-12-23 00:31:32.514,9128283H1,100-265,100-270,0.0124175
2023-12-23 00:31:32.524,9128283H1,100-26+,100-267,0.0117358
2023-12-23 00:31:32.530,9128283H1,100-263,100-266,0.014206
2023-12-23 00:31:32.537,9128283H1,100-262,100-265,0.0120849
2023-12-23 00:31:32.556,9128283H1,100-261,100-26+,0.0124257
2023-12-23 00:31:32.560,9128283H1,100-260,100-263,0.011252
2023-12-23 00:31:32.567,9128283H1,100-257,100-262,0.0115608
2023-12-23 00:31:32.579,9128283H1,100-256,100-261,0.00894032
2023-12-23 00:31:32.586,9128283H1,100-255,100-260,0.0153797
2023-12-23 00:31:32.593,9128283H1,100-25+,100-257,0.0133062
2023-12-23 00:31:32.600,9128283H1,100-253,100-256,0.0146594
2023-12-23 00:31:32.612,9128283H1,100-252,100-255,0.0119553
2023-12-23 00:31:32.614,9128283H1,100-251,100-25+,0.0121514
2023-12-23 00:31:32.629,9128283H1,100-250,100-253,0.0102648
2023-12-23 00:31:32.633,9128283H1,100-247,100-252,0.0146014
2023-12-23 00:31:32.653,9128283H1,100-246,100-251,0.0145166
2023-12-23 00:31:32.659,9128283H1,100-245,100-250,0.0150352
2023-12-23 00:31:32.675,9128283H1,100-24+,100-247,0.0128437
2023-12-23 00:31:32.678,9128283H1,100-243,100-246,0.011383
2023-12-23 00:31:32.692,9128283H1,100-242,100-245,0.0125354
2023-12-23 00:31:32.704,9128283H1,100-241,100-24+,0.00786124
2023-12-23 00:31:32.714,9128283H1,100-240,100-243,0.00789768
2023-12-23 00:31:32.729,9128283H1,100-237,100-242,0.0105032
2023-12-23 00:31:32.741,9128283H1,100-236,100-241,0.0153222
2023-12-23 00:31:32.745,9128283H1,100-235,100-240,0.00935965
2023-12-23 00:31:32.764,9128283H1,100-23+,100-237,0.0102723
2023-12-23 00:31:32.766,9128283H1,100-233,100-236,0.00964744
2023-12-23 00:31:32.783,9128283H1,100-232,100-235,0.0130719
2023-12-23 00:31:32.789,9128283H1,100-231,100-23+,0.0138397
2023-12-23 00:31:32.800,9128283H1,100-230,100-233,0.0115626
2023-12-23 00:31:32.803,9128283H1,100-227,100-232,0.0129406
2023-12-23 00:31:32.809,9128283H1,100-226,100-231,0.0120694
2023-12-23 00:31:32.818,9128283H1,100-225,100-230,0.00992223
2023-12-23 00:31:32.823,9128283H1,100-22+,100-227,0.013751
2023-12-23 00:31:32.843,9128283H1,100-223,100-226,0.00793529
2023-12-23 00:31:32.847,9128283H1,100-222,100-225,0.0136089
2023-12-23 00:31:32.867,9128283H1,100-221,100-22+,0.00807795
2023-12-23 00:31:32.870,9128283H1,100-220,100-223,0.00824494
2023-12-23 00:31:32.873,9128283H1,100-217,100-222,0.0109556
2023-12-23 00:31:32.881,9128283H1,100-216,100-221,0.010965
2023-12-23 00:31:32.886,9128283H1,100-215,100-220,0.0119941
2023-12-23 00:31:32.899,9128283H1,100-21+,100-217,0.00943059
2023-12-23 00:31:32.902,9128283H1,100-213,100-216,0.0131474
2023-12-23 00:31:32.909,9128283H1,100-212,100-215,0.0126999
2023-12-23 00:31:32.929,9128283H1,100-211,100-21+,0.0141727
2023-12-23 00:31:32.931,9128283H1,100-210,100-213,0.0103893
2023-12-23 00:31:32.951,9128283H1,100-207,100-212,0.0125954
2023-12-23 00:31:32.965,9128283H1,100-206,100-211,0.0127622
2023-12-23 00:31:32.981,9128283H1,100-205,100-210,0.0154945
2023-12-23 00:31:32.997,9128283H1,100-20+,100-207,0.00889213
2023-12-23 00:31:33.008,9128283H1,100-203,100-206,0.0140019
2023-12-23 00:31:33.013,9128283H1,100-202,100-205,0.0155065
2023-12-23 00:31:33.030,9128283H1,100-201,100-20+,0.00985773
2023-12-23 00:31:33.033,9128283H1,100-200,100-203,0.0150502
2023-12-23 00:31:33.038,9128283H1,100-197,100-202,0.0130288
2023-12-23 00:31:33.056,9128283H1,100-196,100-201,0.0152728
2023-12-23 00:31:33.070,9128283H1,100-195,100-200,0.012771
2023-12-23 00:31:33.077,9128283H1,100-19+,100-197,0.0127213
2023-12-23 00:31:33.078,9128283H1,100-193,100-196,0.0108637
2023-12-23 00:31:33.093,9128283H1,100-192,100-195,0.0139886
2023-12-23 00:31:33.102,9128283H1,100-191,100-19+,0.0116982
2023-12-23 00:31:33.111,9128283H1,100-190,100-193,0.0135976
2023-12-23 00:31:33.130,9128283H1,100-187,100-192,0.0152947
2023-12-23 00:31:33.143,9128283H1,100-186,100-191,0.0155
2023-12-23 00:31:33.151,9128283H1,100-185,100-190,0.00973798
2023-12-23 00:31:33.155,9128283H1,100-18+,100-187,0.0111037
2023-12-23 00:31:33.173,9128283H1,100-183,100-186,0.00898668
2023-12-23 00:31:33.179,9128283H1,100-182,100-185,0.00974333
2023-12-23 00:31:33.182,9128283H1,100-181,100-18+,0.0133203
2023-12-23 00:31:33.192,9128283H1,100-180,100-183,0.0110682
2023-12-23 00:31:33.210,9128283H1,100-177,100-182,0.0099383
2023-12-23 00:31:33.211,9128283H1,100-176,100-181,0.00897514
2023-12-23 00:31:33.226,9128283H1,100-175,100-180,0.00972578
2023-12-23 00:31:33.238,9128283H1,100-17+,100-177,0.00804807
2023-12-23 00:31:33.246,9128283H1,100-173,100-176,0.00835794
2023-12-23 00:31:33.258,9128283H1,100-172,100-175,0.0123262
2023-12-23 00:31:33.277,9128283H1,100-171,100-17+,0.0145359
2023-12-23 00:31:33.287,9128283H1,100-170,100-173,0.0102629
2023-12-23 00:31:33.292,9128283H1,100-167,100-172,0.0128235
2023-12-23 00:31:33.303,9128283H1,100-166,100-171,0.00793968
2023-12-23 00:31:33.312,9128283H1,100-165,100-170,0.0146322
2023-12-23 00:31:33.327,9128283H1,100-16+,100-167,0.0143186
2023-12-23 00:31:33.338,9128283H1,100-163,100-166,0.00890161
2023-12-23 00:31:33.339,9128283H1,100-162,100-165,0.00903682
2023-12-23 00:31:33.342,9128283H1,100-161,100-16+,0.0123432
2023-12-23 00:31:33.359,9128283H1,100-160,100-163,0.0106485
2023-12-23 00:31:33.370,9128283H1,100-157,100-162,0.0086496
2023-12-23 00:31:33.389,9128283H1,100-156,100-161,0.0154076
2023-12-23 00:31:33.399,9128283H1,100-155,100-160,0.0128201
2023-12-23 00:31:33.410,9128283H1,100-15+,100-157,0.0148005
2023-12-23 00:31:33.415,9128283H1,100-153,100-156,0.0102369
2023-12-23 00:31:33.417,9128283H1,100-152,100-155,0.0124625
2023-12-23 00:31:33.436,9128283H1,100-151,100-15+,0.0154691
2023-12-23 00:31:33.442,9128283H1,100-150,100-153,0.0119187
2023-12-23 00:31:33.456,9128283H1,100-147,100-152,0.0146687
2023-12-23 00:31:33.467,9128283H1,100-146,100-151,0.0098631
2023-12-23 00:31:33.479,9128283H1,100-145,100-150,0.0109032
2023-12-23 00:31:33.487,9128283H1,100-14+,100-147,0.0114322
2023-12-23 00:31:33.494,9128283H1,100-143,100-146,0.0118926
2023-12-23 00:31:33.497,9128283H1,100-142,100-145,0.010929
2023-12-23 00:31:33.505,9128283H1,100-141,100-14+,0.0083281
2023-12-23 00:31:33.511,9128283H1,100-140,100-143,0.0143405
2023-12-23 00:31:33.519,9128283H1,100-137,100-142,0.00852123
2023-12-23 00:31:33.534,9128283H1,100-136,100-141,0.0117255
2023-12-23 00:31:33.539,9128283H1,100-135,100-140,0.0112866
2023-12-23 00:31:33.544,9128283H1,100-13+,100-137,0.00918756
2023-12-23 00:31:33.561,9128283H1,100-133,100-136,0.0082184
2023-12-23 00:31:33.576,9128283H1,100-132,100-135,0.0121433
2023-12-23 00:31:33.592,9128283H1,100-131,100-13+,0.0117874
